<?xml version="1.0" encoding="UTF-8"?>
<!DOCTYPE html PUBLIC "-//W3C//DTD XHTML 1.0 Transitional//EN"
    "http://www.w3.org/TR/xhtml1/DTD/xhtml1-transitional.dtd">
<html xmlns="http://www.w3.org/1999/xhtml" xml:lang="en" lang="en">
 <head>
  <title>
</title>
<meta http-equiv="Content-Type" content="text/html;charset=utf-8" />
  <meta name='ocr-system' content='tesseract 3.04.00' />
  <meta name='ocr-capabilities' content='ocr_page ocr_carea ocr_par ocr_line ocrx_word'/>
</head>
<body>
  <div class='ocr_page' id='page_1' title='image "./lettrescommunes03romeuoft_0173.png"; bbox 0 0 2566 3562; ppageno 0'>
   <div class='ocr_carea' id='block_1_1' title="bbox 0 0 164 3562">
    <p class='ocr_par' dir='ltr' id='par_1_1' title="bbox 0 0 164 3562">
     <span class='ocr_line' id='line_1_1' title="bbox 0 0 164 3562; baseline 0 0"><span class='ocrx_word' id='word_1_1' title='bbox 0 0 164 3562; x_wconf 95' lang='lat' dir='ltr'><strong> </strong></span> 
     </span>
    </p>
   </div>
   <div class='ocr_carea' id='block_1_2' title="bbox 586 383 2202 424">
    <p class='ocr_par' dir='ltr' id='par_1_2' title="bbox 586 383 2202 424">
     <span class='ocr_line' id='line_1_2' title="bbox 586 383 2202 424; baseline 0 -9"><span class='ocrx_word' id='word_1_2' title='bbox 586 383 759 415; x_wconf 85' lang='lat' dir='ltr'><strong>JOANNIS</strong></span> <span class='ocrx_word' id='word_1_3' title='bbox 782 383 900 414; x_wconf 82' lang='lat' dir='ltr'>PAPAE</span> <span class='ocrx_word' id='word_1_4' title='bbox 921 383 1025 415; x_wconf 90' lang='lat' dir='ltr'>XXII.</span> <span class='ocrx_word' id='word_1_5' title='bbox 1047 384 1293 424; x_wconf 84' lang='lat'>(1316-1334).</span> <span class='ocrx_word' id='word_1_6' title='bbox 1317 401 1356 406; x_wconf 91' lang='lat'><em>-</em></span> <span class='ocrx_word' id='word_1_7' title='bbox 1380 383 1565 414; x_wconf 87' lang='lat' dir='ltr'><strong>LITTERAE</strong></span> <span class='ocrx_word' id='word_1_8' title='bbox 1588 383 1639 414; x_wconf 87' lang='lat' dir='ltr'><strong>DE</strong></span> <span class='ocrx_word' id='word_1_9' title='bbox 1661 383 1785 415; x_wconf 85' lang='lat' dir='ltr'><strong>CURIA</strong></span> <span class='ocrx_word' id='word_1_10' title='bbox 2144 384 2202 415; x_wconf 82' lang='lat'><strong>163</strong></span> 
     </span>
    </p>
   </div>
   <div class='ocr_carea' id='block_1_3' title="bbox 211 467 522 503">
    <p class='ocr_par' dir='ltr' id='par_1_3' title="bbox 211 467 522 503">
     <span class='ocr_line' id='line_1_3' title="bbox 211 467 522 503; baseline -0.01 0"><span class='ocrx_word' id='word_1_11' title='bbox 211 475 313 503; x_wconf 81' lang='lat' dir='ltr'><strong>Datum</strong></span> <span class='ocrx_word' id='word_1_12' title='bbox 338 467 522 503; x_wconf 79' lang='lat' dir='ltr'><strong>Avenione.</strong></span> 
     </span>
    </p>
   </div>
   <div class='ocr_carea' id='block_1_4' title="bbox 602 574 2199 670">
    <p class='ocr_par' dir='ltr' id='par_1_4' title="bbox 602 574 2199 670">
     <span class='ocr_line' id='line_1_4' title="bbox 603 574 2199 616; baseline 0.003 -11"><span class='ocrx_word' id='word_1_13' title='bbox 603 583 729 612; x_wconf 85' lang='lat' dir='ltr'><strong>sarum,</strong></span> <span class='ocrx_word' id='word_1_14' title='bbox 747 583 831 614; x_wconf 88' lang='lat' dir='ltr'><strong>quas</strong></span> <span class='ocrx_word' id='word_1_15' title='bbox 848 574 1060 614; x_wconf 82' lang='lat' dir='ltr'><strong>appellantes</strong></span> <span class='ocrx_word' id='word_1_16' title='bbox 1072 583 1133 606; x_wconf 88' lang='lat' dir='ltr'><strong>nec</strong></span> <span class='ocrx_word' id='word_1_17' title='bbox 1149 575 1216 615; x_wconf 89' lang='lat' dir='ltr'><strong>ipsi</strong></span> <span class='ocrx_word' id='word_1_18' title='bbox 1230 576 1352 606; x_wconf 84' lang='lat' dir='ltr'>rectori</span> <span class='ocrx_word' id='word_1_19' title='bbox 1375 584 1435 607; x_wconf 87' lang='lat' dir='ltr'><strong>nec</strong></span> <span class='ocrx_word' id='word_1_20' title='bbox 1452 576 1537 616; x_wconf 91' lang='lat' dir='ltr'><strong>ipsis</strong></span> <span class='ocrx_word' id='word_1_21' title='bbox 1555 577 1760 608; x_wconf 88' lang='lat' dir='ltr'><strong>officialibus</strong></span> <span class='ocrx_word' id='word_1_22' title='bbox 1778 578 1964 615; x_wconf 87' lang='lat' dir='ltr'><strong>insinuant,</strong></span> <span class='ocrx_word' id='word_1_23' title='bbox 1983 578 2052 610; x_wconf 90' lang='lat' dir='ltr'><strong>imo</strong></span> <span class='ocrx_word' id='word_1_24' title='bbox 2067 578 2108 610; x_wconf 90' lang='lat' dir='ltr'><strong>de</strong></span> <span class='ocrx_word' id='word_1_25' title='bbox 2125 578 2199 610; x_wconf 84' lang='lat' dir='ltr'><strong>illa-</strong></span> 
     </span>
     <span class='ocr_line' id='line_1_5' title="bbox 602 627 1624 670; baseline 0.003 -12"><span class='ocrx_word' id='word_1_26' title='bbox 602 637 677 658; x_wconf 88' lang='lat' dir='ltr'><strong>rum</strong></span> <span class='ocrx_word' id='word_1_27' title='bbox 694 628 930 667; x_wconf 86' lang='lat' dir='ltr'><strong>prosecutione</strong></span> <span class='ocrx_word' id='word_1_28' title='bbox 944 637 1010 659; x_wconf 91' lang='lat' dir='ltr'><strong>non</strong></span> <span class='ocrx_word' id='word_1_29' title='bbox 1025 631 1153 659; x_wconf 88' lang='lat' dir='ltr'><strong>curant.</strong></span> <span class='ocrx_word' id='word_1_30' title='bbox 1173 627 1225 668; x_wconf 90' lang='lat' dir='ltr'><strong>(V.</strong></span> <span class='ocrx_word' id='word_1_31' title='bbox 1244 630 1294 666; x_wconf 83' lang='grc'><strong>70,</strong></span> <span class='ocrx_word' id='word_1_32' title='bbox 1310 638 1362 669; x_wconf 88' lang='lat' dir='ltr'><strong>ep.</strong></span> <span class='ocrx_word' id='word_1_33' title='bbox 1381 631 1421 661; x_wconf 93' lang='lat'><strong>99</strong></span> <span class='ocrx_word' id='word_1_34' title='bbox 1436 630 1474 666; x_wconf 85' lang='lat' dir='ltr'><strong>B,</strong></span> <span class='ocrx_word' id='word_1_35' title='bbox 1494 629 1530 660; x_wconf 87' lang='lat' dir='ltr'><strong>de</strong></span> <span class='ocrx_word' id='word_1_36' title='bbox 1543 631 1624 670; x_wconf 79' lang='lat' dir='ltr'><strong>cur.)</strong></span> 
     </span>
    </p>
   </div>
   <div class='ocr_carea' id='block_1_5' title="bbox 204 678 2202 884">
    <p class='ocr_par' dir='ltr' id='par_1_5' title="bbox 204 678 2202 818">
     <span class='ocr_line' id='line_1_6' title="bbox 204 678 2202 724; baseline 0.003 -13"><span class='ocrx_word' id='word_1_37' title='bbox 204 683 222 711; x_wconf 87' lang='lat'><em>5</em></span> <span class='ocrx_word' id='word_1_38' title='bbox 239 682 333 718; x_wconf 81' lang='lat' dir='ltr'><strong>(non.)</strong></span> <span class='ocrx_word' id='word_1_39' title='bbox 347 682 416 717; x_wconf 83' lang='lat' dir='ltr'><strong>jun.</strong></span> <span class='ocrx_word' id='word_1_40' title='bbox 435 681 524 710; x_wconf 75' lang='lat'><strong><em>1320.</em></strong></span> <span class='ocrx_word' id='word_1_41' title='bbox 649 678 781 710; x_wconf 79' lang='grc'><strong>12168.</strong></span> <span class='ocrx_word' id='word_1_42' title='bbox 808 698 845 704; x_wconf 92' lang='lat'><strong>—-</strong></span> <span class='ocrx_word' id='word_1_43' title='bbox 864 680 939 712; x_wconf 81' lang='lat' dir='ltr'><strong>Eid.</strong></span> <span class='ocrx_word' id='word_1_44' title='bbox 959 681 1071 712; x_wconf 90' lang='lat' dir='ltr'><strong>mand.</strong></span> <span class='ocrx_word' id='word_1_45' title='bbox 1089 683 1126 712; x_wconf 93' lang='lat' dir='ltr'><strong>ut</strong></span> <span class='ocrx_word' id='word_1_46' title='bbox 1141 681 1292 721; x_wconf 87' lang='lat' dir='ltr'><strong>inquirat</strong></span> <span class='ocrx_word' id='word_1_47' title='bbox 1307 682 1347 712; x_wconf 90' lang='lat' dir='ltr'><strong>de</strong></span> <span class='ocrx_word' id='word_1_48' title='bbox 1361 682 1520 713; x_wconf 82' lang='lat' dir='ltr'><strong>censibus</strong></span> <span class='ocrx_word' id='word_1_49' title='bbox 1536 683 1624 714; x_wconf 87' lang='lat' dir='ltr'><strong>Eccl.</strong></span> <span class='ocrx_word' id='word_1_50' title='bbox 1644 684 1804 715; x_wconf 88' lang='lat' dir='ltr'><strong>Romanae</strong></span> <span class='ocrx_word' id='word_1_51' title='bbox 1822 683 1946 715; x_wconf 89' lang='lat' dir='ltr'><strong>debitis</strong></span> <span class='ocrx_word' id='word_1_52' title='bbox 1964 684 1999 715; x_wconf 91' lang='lat' dir='ltr'><strong>in</strong></span> <span class='ocrx_word' id='word_1_53' title='bbox 2015 685 2202 724; x_wconf 89' lang='lat' dir='ltr'><strong>provinciis</strong></span> 
     </span>
     <span class='ocr_line' id='line_1_7' title="bbox 605 734 2200 778; baseline 0.003 -13"><span class='ocrx_word' id='word_1_54' title='bbox 605 734 671 765; x_wconf 89' lang='lat' dir='ltr'><strong>sibi</strong></span> <span class='ocrx_word' id='word_1_55' title='bbox 691 734 836 765; x_wconf 86' lang='lat' dir='ltr'><strong>decretis</strong></span> <span class='ocrx_word' id='word_1_56' title='bbox 853 736 886 765; x_wconf 89' lang='lat' dir='ltr'><strong>et</strong></span> <span class='ocrx_word' id='word_1_57' title='bbox 909 734 1003 774; x_wconf 89' lang='lat' dir='ltr'><strong>ipsos</strong></span> <span class='ocrx_word' id='word_1_58' title='bbox 1020 734 1120 765; x_wconf 81' lang='lat' dir='ltr'><strong>faciat</strong></span> <span class='ocrx_word' id='word_1_59' title='bbox 1135 734 1348 766; x_wconf 86' lang='lat' dir='ltr'><strong>thesaurario</strong></span> <span class='ocrx_word' id='word_1_60' title='bbox 1372 735 1468 766; x_wconf 88' lang='lat' dir='ltr'><strong>dictae</strong></span> <span class='ocrx_word' id='word_1_61' title='bbox 1485 736 1666 774; x_wconf 80' lang='lat' dir='ltr'><strong>provinciae</strong></span> <span class='ocrx_word' id='word_1_62' title='bbox 1688 737 1868 776; x_wconf 85' lang='lat' dir='ltr'><strong>assignari.</strong></span> <span class='ocrx_word' id='word_1_63' title='bbox 1887 737 1938 774; x_wconf 94' lang='lat' dir='ltr'><strong>(V.</strong></span> <span class='ocrx_word' id='word_1_64' title='bbox 1965 739 2014 775; x_wconf 89' lang='lat'><strong>70,</strong></span> <span class='ocrx_word' id='word_1_65' title='bbox 2034 746 2086 778; x_wconf 92' lang='lat' dir='ltr'><strong>ep.</strong></span> <span class='ocrx_word' id='word_1_66' title='bbox 2109 740 2148 770; x_wconf 93' lang='lat'><strong>99</strong></span> <span class='ocrx_word' id='word_1_67' title='bbox 2163 738 2200 776; x_wconf 91' lang='lat' dir='ltr'><strong>C,</strong></span> 
     </span>
     <span class='ocr_line' id='line_1_8' title="bbox 605 786 727 818; baseline -0.016 0"><span class='ocrx_word' id='word_1_68' title='bbox 605 786 641 818; x_wconf 80' lang='lat' dir='ltr'><strong>de</strong></span> <span class='ocrx_word' id='word_1_69' title='bbox 663 797 727 818; x_wconf 83' lang='lat' dir='ltr'><strong>cur.</strong></span> 
     </span>
    </p>

    <p class='ocr_par' dir='ltr' id='par_1_6' title="bbox 328 787 2201 884">
     <span class='ocr_line' id='line_1_9' title="bbox 328 787 2201 884; baseline 0.003 -14"><span class='ocrx_word' id='word_1_70' title='bbox 328 843 364 871; x_wconf 83' lang='lat' dir='ltr'><strong>Ut</strong></span> <span class='ocrx_word' id='word_1_71' title='bbox 384 851 407 870; x_wconf 83' lang='lat' dir='ltr'><strong>s.</strong></span> <span class='ocrx_word' id='word_1_72' title='bbox 651 787 787 870; x_wconf 45' lang='lat'>12139.</span> <span class='ocrx_word' id='word_1_73' title='bbox 812 857 852 862; x_wconf 92' lang='lat'>—</span> <span class='ocrx_word' id='word_1_74' title='bbox 877 839 951 870; x_wconf 80' lang='lat' dir='ltr'><strong>Eid.</strong></span> <span class='ocrx_word' id='word_1_75' title='bbox 976 840 1089 871; x_wconf 88' lang='lat' dir='ltr'><strong>mand.</strong></span> <span class='ocrx_word' id='word_1_76' title='bbox 1117 842 1153 872; x_wconf 93' lang='lat' dir='ltr'><strong>ut</strong></span> <span class='ocrx_word' id='word_1_77' title='bbox 1173 849 1209 871; x_wconf 91' lang='lat' dir='ltr'><strong>se</strong></span> <span class='ocrx_word' id='word_1_78' title='bbox 1230 840 1390 871; x_wconf 87' lang='lat' dir='ltr'><strong>informet</strong></span> <span class='ocrx_word' id='word_1_79' title='bbox 1407 841 1447 871; x_wconf 90' lang='lat' dir='ltr'><strong>de</strong></span> <span class='ocrx_word' id='word_1_80' title='bbox 1468 841 1598 872; x_wconf 86' lang='lat' dir='ltr'><strong>decima</strong></span> <span class='ocrx_word' id='word_1_81' title='bbox 1615 842 1696 872; x_wconf 90' lang='lat' dir='ltr'><strong>olim</strong></span> <span class='ocrx_word' id='word_1_82' title='bbox 1714 851 1733 872; x_wconf 89' lang='lat' dir='ltr'><strong>a</strong></span> <span class='ocrx_word' id='word_1_83' title='bbox 1750 842 1922 874; x_wconf 89' lang='lat' dir='ltr'><strong>Clemente</strong></span> <span class='ocrx_word' id='word_1_84' title='bbox 1941 845 1970 875; x_wconf 94' lang='lat' dir='ltr'>V</span> <span class='ocrx_word' id='word_1_85' title='bbox 1988 844 2149 884; x_wconf 89' lang='lat' dir='ltr'><strong>imposita</strong></span> <span class='ocrx_word' id='word_1_86' title='bbox 2166 845 2201 876; x_wconf 92' lang='lat' dir='ltr'><strong>in</strong></span> 
     </span>
    </p>
   </div>
   <div class='ocr_carea' id='block_1_6' title="bbox 604 893 2204 1040">
    <p class='ocr_par' dir='ltr' id='par_1_7' title="bbox 604 893 2204 1040">
     <span class='ocr_line' id='line_1_10' title="bbox 604 893 2204 937; baseline 0.003 -13"><span class='ocrx_word' id='word_1_87' title='bbox 604 893 787 933; x_wconf 84' lang='lat' dir='ltr'><strong>provinciae</strong></span> <span class='ocrx_word' id='word_1_88' title='bbox 802 893 1036 924; x_wconf 85' lang='lat' dir='ltr'><strong>Romandiolae</strong></span> <span class='ocrx_word' id='word_1_89' title='bbox 1050 902 1111 933; x_wconf 91' lang='lat' dir='ltr'><strong>pro</strong></span> <span class='ocrx_word' id='word_1_90' title='bbox 1128 893 1282 924; x_wconf 88' lang='lat' dir='ltr'><strong>subsidio</strong></span> <span class='ocrx_word' id='word_1_91' title='bbox 1299 894 1396 924; x_wconf 80' lang='lat' dir='ltr'><strong>terrae</strong></span> <span class='ocrx_word' id='word_1_92' title='bbox 1412 896 1547 930; x_wconf 70' lang='lat' dir='ltr'><strong>sanctae,</strong></span> <span class='ocrx_word' id='word_1_93' title='bbox 1566 895 1598 925; x_wconf 91' lang='lat' dir='ltr'><strong>et</strong></span> <span class='ocrx_word' id='word_1_94' title='bbox 1614 895 1778 926; x_wconf 86' lang='lat' dir='ltr'><strong>rescribat</strong></span> <span class='ocrx_word' id='word_1_95' title='bbox 1794 897 1958 934; x_wconf 90' lang='lat' dir='ltr'><strong>quantum</strong></span> <span class='ocrx_word' id='word_1_96' title='bbox 1980 898 2012 928; x_wconf 92' lang='lat' dir='ltr'><strong>et</strong></span> <span class='ocrx_word' id='word_1_97' title='bbox 2029 897 2063 928; x_wconf 93' lang='lat' dir='ltr'><strong>in</strong></span> <span class='ocrx_word' id='word_1_98' title='bbox 2079 897 2204 937; x_wconf 89' lang='lat' dir='ltr'><strong>quibus</strong></span> 
     </span>
     <span class='ocr_line' id='line_1_11' title="bbox 605 945 2202 989; baseline 0.003 -12"><span class='ocrx_word' id='word_1_99' title='bbox 605 946 808 978; x_wconf 83' lang='lat' dir='ltr'><strong>dioecesibus</strong></span> <span class='ocrx_word' id='word_1_100' title='bbox 826 946 923 977; x_wconf 85' lang='lat' dir='ltr'><strong>dictae</strong></span> <span class='ocrx_word' id='word_1_101' title='bbox 943 945 1125 985; x_wconf 85' lang='lat' dir='ltr'><strong>provinciae</strong></span> <span class='ocrx_word' id='word_1_102' title='bbox 1145 947 1197 977; x_wconf 90' lang='lat' dir='ltr'><strong>est</strong></span> <span class='ocrx_word' id='word_1_103' title='bbox 1214 946 1406 983; x_wconf 85' lang='lat' dir='ltr'><strong>collectum,</strong></span> <span class='ocrx_word' id='word_1_104' title='bbox 1424 947 1514 986; x_wconf 89' lang='lat' dir='ltr'><strong>apud</strong></span> <span class='ocrx_word' id='word_1_105' title='bbox 1529 955 1615 986; x_wconf 83' lang='lat' dir='ltr'><strong>quos</strong></span> <span class='ocrx_word' id='word_1_106' title='bbox 1634 948 1776 987; x_wconf 86' lang='lat' dir='ltr'><strong>pecunia</strong></span> <span class='ocrx_word' id='word_1_107' title='bbox 1791 948 1931 980; x_wconf 84' lang='lat' dir='ltr'><strong>collecta</strong></span> <span class='ocrx_word' id='word_1_108' title='bbox 1951 950 2106 989; x_wconf 84' lang='lat' dir='ltr'><strong>deposita</strong></span> <span class='ocrx_word' id='word_1_109' title='bbox 2124 950 2202 988; x_wconf 86' lang='lat' dir='ltr'><strong>fuit,</strong></span> 
     </span>
     <span class='ocr_line' id='line_1_12' title="bbox 605 998 1806 1040; baseline 0 -10"><span class='ocrx_word' id='word_1_110' title='bbox 605 1000 638 1031; x_wconf 89' lang='lat' dir='ltr'><strong>et</strong></span> <span class='ocrx_word' id='word_1_111' title='bbox 651 999 815 1038; x_wconf 87' lang='lat' dir='ltr'><strong>quantum</strong></span> <span class='ocrx_word' id='word_1_112' title='bbox 830 998 871 1030; x_wconf 90' lang='lat' dir='ltr'><strong>de</strong></span> <span class='ocrx_word' id='word_1_113' title='bbox 890 998 966 1038; x_wconf 88' lang='lat' dir='ltr'><strong>ipsa</strong></span> <span class='ocrx_word' id='word_1_114' title='bbox 981 998 1208 1038; x_wconf 86' lang='lat' dir='ltr'><strong>colligendum</strong></span> <span class='ocrx_word' id='word_1_115' title='bbox 1226 1000 1341 1030; x_wconf 83' lang='lat' dir='ltr'><strong>restat.</strong></span> <span class='ocrx_word' id='word_1_116' title='bbox 1358 998 1408 1037; x_wconf 90' lang='lat' dir='ltr'><strong>(V.</strong></span> <span class='ocrx_word' id='word_1_117' title='bbox 1428 1000 1476 1036; x_wconf 93' lang='grc'><strong>70,</strong></span> <span class='ocrx_word' id='word_1_118' title='bbox 1494 1007 1545 1039; x_wconf 90' lang='lat' dir='ltr'><strong>ep.</strong></span> <span class='ocrx_word' id='word_1_119' title='bbox 1564 1001 1603 1031; x_wconf 87' lang='lat'><strong>99</strong></span> <span class='ocrx_word' id='word_1_120' title='bbox 1618 1000 1660 1037; x_wconf 86' lang='lat' dir='ltr'><strong>D,</strong></span> <span class='ocrx_word' id='word_1_121' title='bbox 1678 1000 1714 1030; x_wconf 84' lang='lat' dir='ltr'><strong>de</strong></span> <span class='ocrx_word' id='word_1_122' title='bbox 1728 1001 1806 1040; x_wconf 83' lang='lat' dir='ltr'><strong>cur.)</strong></span> 
     </span>
    </p>
   </div>
   <div class='ocr_carea' id='block_1_7' title="bbox 329 1049 2208 1306">
    <p class='ocr_par' dir='ltr' id='par_1_8' title="bbox 329 1049 2203 1145">
     <span class='ocr_line' id='line_1_13' title="bbox 329 1049 2203 1093; baseline 0.001 -10"><span class='ocrx_word' id='word_1_123' title='bbox 329 1054 365 1083; x_wconf 81' lang='lat' dir='ltr'><strong>Ut</strong></span> <span class='ocrx_word' id='word_1_124' title='bbox 385 1062 409 1083; x_wconf 85' lang='lat' dir='ltr'><strong>s.</strong></span> <span class='ocrx_word' id='word_1_125' title='bbox 652 1049 787 1080; x_wconf 88' lang='grc'><strong>12170.</strong></span> <span class='ocrx_word' id='word_1_126' title='bbox 803 1068 842 1073; x_wconf 92' lang='lat'>-</span> <span class='ocrx_word' id='word_1_127' title='bbox 860 1051 936 1082; x_wconf 85' lang='lat' dir='ltr'><strong>Eid.</strong></span> <span class='ocrx_word' id='word_1_128' title='bbox 959 1051 1072 1083; x_wconf 87' lang='lat' dir='ltr'><strong>mand.</strong></span> <span class='ocrx_word' id='word_1_129' title='bbox 1100 1053 1137 1082; x_wconf 94' lang='lat' dir='ltr'><strong>ut</strong></span> <span class='ocrx_word' id='word_1_130' title='bbox 1155 1051 1304 1091; x_wconf 83' lang='lat' dir='ltr'><strong>inquirat</strong></span> <span class='ocrx_word' id='word_1_131' title='bbox 1326 1053 1358 1083; x_wconf 86' lang='lat' dir='ltr'><strong>et</strong></span> <span class='ocrx_word' id='word_1_132' title='bbox 1380 1052 1540 1091; x_wconf 85' lang='lat' dir='ltr'><strong>procedat</strong></span> <span class='ocrx_word' id='word_1_133' title='bbox 1558 1055 1674 1083; x_wconf 86' lang='lat' dir='ltr'><strong>contra</strong></span> <span class='ocrx_word' id='word_1_134' title='bbox 1693 1054 1850 1092; x_wconf 83' lang='lat' dir='ltr'><strong>praelatos</strong></span> <span class='ocrx_word' id='word_1_135' title='bbox 1869 1054 2050 1093; x_wconf 61' lang='lat' dir='ltr'><strong>provinciae</strong></span> <span class='ocrx_word' id='word_1_136' title='bbox 2067 1054 2132 1085; x_wconf 89' lang='lat' dir='ltr'><strong>sibi</strong></span> <span class='ocrx_word' id='word_1_137' title='bbox 2149 1055 2203 1086; x_wconf 91' lang='lat' dir='ltr'><strong>de-</strong></span> 
     </span>
     <span class='ocr_line' id='line_1_14' title="bbox 605 1104 1616 1145; baseline -0.001 -9"><span class='ocrx_word' id='word_1_138' title='bbox 605 1106 705 1136; x_wconf 86' lang='lat' dir='ltr'><strong>cretae</strong></span> <span class='ocrx_word' id='word_1_139' title='bbox 716 1105 816 1144; x_wconf 86' lang='lat' dir='ltr'><strong>juxta</strong></span> <span class='ocrx_word' id='word_1_140' title='bbox 830 1106 957 1136; x_wconf 79' lang='lat' dir='ltr'><strong>statuta</strong></span> <span class='ocrx_word' id='word_1_141' title='bbox 973 1113 1150 1136; x_wconf 88' lang='lat' dir='ltr'><strong>canonum.</strong></span> <span class='ocrx_word' id='word_1_142' title='bbox 1167 1104 1220 1145; x_wconf 86' lang='lat' dir='ltr'><strong>(V.</strong></span> <span class='ocrx_word' id='word_1_143' title='bbox 1238 1106 1287 1141; x_wconf 92' lang='grc'><strong>70,</strong></span> <span class='ocrx_word' id='word_1_144' title='bbox 1305 1114 1356 1144; x_wconf 88' lang='lat' dir='ltr'><strong>ep.</strong></span> <span class='ocrx_word' id='word_1_145' title='bbox 1376 1107 1416 1136; x_wconf 88' lang='lat'><strong>99</strong></span> <span class='ocrx_word' id='word_1_146' title='bbox 1434 1106 1472 1141; x_wconf 89' lang='grc' dir='ltr'><strong>Ε,</strong></span> <span class='ocrx_word' id='word_1_147' title='bbox 1489 1104 1525 1135; x_wconf 83' lang='lat' dir='ltr'><strong>de</strong></span> <span class='ocrx_word' id='word_1_148' title='bbox 1538 1106 1616 1143; x_wconf 85' lang='lat' dir='ltr'><strong>cur.)</strong></span> 
     </span>
    </p>

    <p class='ocr_par' dir='ltr' id='par_1_9' title="bbox 331 1155 2208 1253">
     <span class='ocr_line' id='line_1_15' title="bbox 331 1155 2207 1200; baseline 0.002 -11"><span class='ocrx_word' id='word_1_149' title='bbox 331 1161 365 1189; x_wconf 80' lang='lat' dir='ltr'><strong>Ut</strong></span> <span class='ocrx_word' id='word_1_150' title='bbox 385 1169 410 1189; x_wconf 86' lang='lat' dir='ltr'><strong>s.</strong></span> <span class='ocrx_word' id='word_1_151' title='bbox 653 1155 788 1187; x_wconf 88' lang='grc'><strong>12171.</strong></span> <span class='ocrx_word' id='word_1_152' title='bbox 806 1176 844 1180; x_wconf 95' lang='grc'><strong>-</strong></span> <span class='ocrx_word' id='word_1_153' title='bbox 861 1157 937 1190; x_wconf 84' lang='lat' dir='ltr'><strong>Eid.</strong></span> <span class='ocrx_word' id='word_1_154' title='bbox 951 1167 1042 1190; x_wconf 92' lang='lat' dir='ltr'><strong>conc.</strong></span> <span class='ocrx_word' id='word_1_155' title='bbox 1056 1159 1092 1189; x_wconf 92' lang='lat' dir='ltr'><strong>ut</strong></span> <span class='ocrx_word' id='word_1_156' title='bbox 1103 1157 1145 1189; x_wconf 85' lang='lat' dir='ltr'><strong>ab</strong></span> <span class='ocrx_word' id='word_1_157' title='bbox 1158 1158 1332 1189; x_wconf 84' lang='lat' dir='ltr'><strong>audientia</strong></span> <span class='ocrx_word' id='word_1_158' title='bbox 1345 1158 1595 1193; x_wconf 83' lang='lat' dir='ltr'><strong>ordinariorum</strong></span> <span class='ocrx_word' id='word_1_159' title='bbox 1609 1159 1719 1198; x_wconf 82' lang='lat' dir='ltr'><strong>possit</strong></span> <span class='ocrx_word' id='word_1_160' title='bbox 1735 1160 1899 1199; x_wconf 88' lang='lat' dir='ltr'><strong>appellari</strong></span> <span class='ocrx_word' id='word_1_161' title='bbox 1916 1160 1957 1191; x_wconf 88' lang='lat' dir='ltr'><strong>ad</strong></span> <span class='ocrx_word' id='word_1_162' title='bbox 1970 1161 2084 1200; x_wconf 91' lang='lat' dir='ltr'><strong>ipsum</strong></span> <span class='ocrx_word' id='word_1_163' title='bbox 2098 1159 2207 1200; x_wconf 78' lang='lat' dir='ltr'><strong>usque</strong></span> 
     </span>
     <span class='ocr_line' id='line_1_16' title="bbox 608 1211 2208 1253; baseline -0.001 -9"><span class='ocrx_word' id='word_1_164' title='bbox 608 1211 650 1244; x_wconf 87' lang='lat' dir='ltr'><strong>ad</strong></span> <span class='ocrx_word' id='word_1_165' title='bbox 660 1220 766 1243; x_wconf 90' lang='lat' dir='ltr'><strong>unum</strong></span> <span class='ocrx_word' id='word_1_166' title='bbox 781 1220 908 1243; x_wconf 89' lang='lat' dir='ltr'><strong>annum</strong></span> <span class='ocrx_word' id='word_1_167' title='bbox 921 1212 954 1243; x_wconf 88' lang='lat' dir='ltr'><strong>et</strong></span> <span class='ocrx_word' id='word_1_168' title='bbox 969 1212 1059 1251; x_wconf 87' lang='lat' dir='ltr'><strong>quod</strong></span> <span class='ocrx_word' id='word_1_169' title='bbox 1071 1211 1145 1251; x_wconf 89' lang='lat' dir='ltr'><strong>ipse</strong></span> <span class='ocrx_word' id='word_1_170' title='bbox 1156 1211 1266 1243; x_wconf 88' lang='lat' dir='ltr'><strong>valeat</strong></span> <span class='ocrx_word' id='word_1_171' title='bbox 1281 1211 1528 1251; x_wconf 82' lang='lat' dir='ltr'><strong>appellationes</strong></span> <span class='ocrx_word' id='word_1_172' title='bbox 1541 1212 1634 1251; x_wconf 87' lang='lat' dir='ltr'><strong>ipsas</strong></span> <span class='ocrx_word' id='word_1_173' title='bbox 1648 1212 1776 1244; x_wconf 86' lang='lat' dir='ltr'><strong>audire.</strong></span> <span class='ocrx_word' id='word_1_174' title='bbox 1787 1212 1799 1252; x_wconf 94' lang='lat'>(</span> <span class='ocrx_word' id='word_1_175' title='bbox 1810 1212 1841 1243; x_wconf 84' lang='lat' dir='ltr'><strong>V.</strong></span> <span class='ocrx_word' id='word_1_176' title='bbox 1852 1215 1902 1250; x_wconf 92' lang='grc'><strong>70,</strong></span> <span class='ocrx_word' id='word_1_177' title='bbox 1912 1222 1965 1253; x_wconf 91' lang='lat' dir='ltr'><strong>ep.</strong></span> <span class='ocrx_word' id='word_1_178' title='bbox 1977 1215 2017 1245; x_wconf 89' lang='lat'><strong>99</strong></span> <span class='ocrx_word' id='word_1_179' title='bbox 2028 1213 2066 1252; x_wconf 90' lang='lat' dir='ltr'><strong>F,</strong></span> <span class='ocrx_word' id='word_1_180' title='bbox 2079 1213 2115 1244; x_wconf 85' lang='lat' dir='ltr'><strong>de</strong></span> <span class='ocrx_word' id='word_1_181' title='bbox 2127 1214 2208 1253; x_wconf 84' lang='lat' dir='ltr'><strong>cur.)</strong></span> 
     </span>
    </p>

    <p class='ocr_par' dir='ltr' id='par_1_10' title="bbox 330 1262 2207 1306">
     <span class='ocr_line' id='line_1_17' title="bbox 330 1262 2207 1306; baseline 0.002 -12"><span class='ocrx_word' id='word_1_182' title='bbox 330 1269 366 1297; x_wconf 81' lang='lat' dir='ltr'><strong>Ut</strong></span> <span class='ocrx_word' id='word_1_183' title='bbox 386 1277 411 1298; x_wconf 76' lang='lat' dir='ltr'><strong>s,</strong></span> <span class='ocrx_word' id='word_1_184' title='bbox 654 1262 789 1294; x_wconf 87' lang='grc'><strong>12172.</strong></span> <span class='ocrx_word' id='word_1_185' title='bbox 803 1282 842 1287; x_wconf 90' lang='grc'><strong>-</strong></span> <span class='ocrx_word' id='word_1_186' title='bbox 858 1263 933 1295; x_wconf 87' lang='lat' dir='ltr'><strong>E&#39;id.</strong></span> <span class='ocrx_word' id='word_1_187' title='bbox 952 1273 1044 1296; x_wconf 89' lang='lat' dir='ltr'><strong>conc.</strong></span> <span class='ocrx_word' id='word_1_188' title='bbox 1062 1264 1152 1304; x_wconf 87' lang='lat' dir='ltr'><strong>quod</strong></span> <span class='ocrx_word' id='word_1_189' title='bbox 1169 1264 1276 1304; x_wconf 86' lang='lat' dir='ltr'><strong>possit</strong></span> <span class='ocrx_word' id='word_1_190' title='bbox 1293 1265 1474 1304; x_wconf 87' lang='lat' dir='ltr'><strong>procedere</strong></span> <span class='ocrx_word' id='word_1_191' title='bbox 1493 1266 1609 1296; x_wconf 87' lang='lat' dir='ltr'><strong>contra</strong></span> <span class='ocrx_word' id='word_1_192' title='bbox 1628 1265 1707 1296; x_wconf 90' lang='lat' dir='ltr'><strong>illos</strong></span> <span class='ocrx_word' id='word_1_193' title='bbox 1730 1265 1787 1305; x_wconf 87' lang='lat' dir='ltr'><strong>qui</strong></span> <span class='ocrx_word' id='word_1_194' title='bbox 1806 1265 1901 1297; x_wconf 86' lang='lat' dir='ltr'><strong>citati</strong></span> <span class='ocrx_word' id='word_1_195' title='bbox 1917 1275 1978 1306; x_wconf 89' lang='lat' dir='ltr'><strong>per</strong></span> <span class='ocrx_word' id='word_1_196' title='bbox 1993 1275 2070 1298; x_wconf 90' lang='lat' dir='ltr'><strong>eum</strong></span> <span class='ocrx_word' id='word_1_197' title='bbox 2086 1266 2140 1298; x_wconf 89' lang='lat' dir='ltr'><strong>vel</strong></span> <span class='ocrx_word' id='word_1_198' title='bbox 2159 1266 2207 1298; x_wconf 85' lang='lat' dir='ltr'><strong>of-</strong></span> 
     </span>
    </p>
   </div>
   <div class='ocr_carea' id='block_1_8' title="bbox 334 1317 2211 1839">
    <p class='ocr_par' dir='ltr' id='par_1_11' title="bbox 609 1317 2208 1520">
     <span class='ocr_line' id='line_1_18' title="bbox 609 1317 2207 1358; baseline 0 -8"><span class='ocrx_word' id='word_1_199' title='bbox 609 1319 739 1350; x_wconf 86' lang='lat' dir='ltr'><strong>ficiales</strong></span> <span class='ocrx_word' id='word_1_200' title='bbox 756 1326 837 1349; x_wconf 88' lang='lat' dir='ltr'><strong>suos</strong></span> <span class='ocrx_word' id='word_1_201' title='bbox 854 1326 954 1349; x_wconf 89' lang='lat' dir='ltr'><strong>voces</strong></span> <span class='ocrx_word' id='word_1_202' title='bbox 969 1317 1209 1358; x_wconf 87' lang='lat' dir='ltr'><strong>appellationis</strong></span> <span class='ocrx_word' id='word_1_203' title='bbox 1225 1326 1339 1349; x_wconf 90' lang='lat' dir='ltr'><strong>coram</strong></span> <span class='ocrx_word' id='word_1_204' title='bbox 1354 1317 1433 1348; x_wconf 91' lang='lat' dir='ltr'><strong>aliis</strong></span> <span class='ocrx_word' id='word_1_205' title='bbox 1453 1318 1494 1348; x_wconf 88' lang='lat' dir='ltr'><strong>ad</strong></span> <span class='ocrx_word' id='word_1_206' title='bbox 1510 1327 1596 1358; x_wconf 88' lang='lat' dir='ltr'><strong>quos</strong></span> <span class='ocrx_word' id='word_1_207' title='bbox 1612 1318 1646 1349; x_wconf 88' lang='lat' dir='ltr'><strong>id</strong></span> <span class='ocrx_word' id='word_1_208' title='bbox 1663 1327 1729 1350; x_wconf 89' lang='lat' dir='ltr'><strong>non</strong></span> <span class='ocrx_word' id='word_1_209' title='bbox 1744 1319 1889 1358; x_wconf 86' lang='lat' dir='ltr'><strong>pertinet</strong></span> <span class='ocrx_word' id='word_1_210' title='bbox 1905 1319 2064 1351; x_wconf 89' lang='lat' dir='ltr'><strong>emittunt</strong></span> <span class='ocrx_word' id='word_1_211' title='bbox 2079 1321 2117 1351; x_wconf 87' lang='lat' dir='ltr'><strong>ut</strong></span> <span class='ocrx_word' id='word_1_212' title='bbox 2134 1319 2207 1351; x_wconf 90' lang='lat' dir='ltr'><strong>suis</strong></span> 
     </span>
     <span class='ocr_line' id='line_1_19' title="bbox 609 1370 2208 1412; baseline 0 -8"><span class='ocrx_word' id='word_1_213' title='bbox 609 1373 643 1404; x_wconf 91' lang='lat' dir='ltr'><strong>et</strong></span> <span class='ocrx_word' id='word_1_214' title='bbox 662 1380 802 1403; x_wconf 90' lang='lat' dir='ltr'><strong>suorum</strong></span> <span class='ocrx_word' id='word_1_215' title='bbox 825 1371 1023 1402; x_wconf 82' lang='lat' dir='ltr'><strong>officialium</strong></span> <span class='ocrx_word' id='word_1_216' title='bbox 1043 1370 1260 1402; x_wconf 84' lang='lat' dir='ltr'><strong>citationibus</strong></span> <span class='ocrx_word' id='word_1_217' title='bbox 1280 1371 1428 1402; x_wconf 89' lang='lat' dir='ltr'><strong>illudant</strong></span> <span class='ocrx_word' id='word_1_218' title='bbox 1445 1372 1477 1402; x_wconf 93' lang='lat' dir='ltr'><strong>et</strong></span> <span class='ocrx_word' id='word_1_219' title='bbox 1501 1371 1590 1411; x_wconf 87' lang='lat' dir='ltr'><strong>quod</strong></span> <span class='ocrx_word' id='word_1_220' title='bbox 1607 1372 1717 1412; x_wconf 84' lang='lat' dir='ltr'><strong>possit</strong></span> <span class='ocrx_word' id='word_1_221' title='bbox 1735 1372 1938 1412; x_wconf 89' lang='lat' dir='ltr'><strong>compellere</strong></span> <span class='ocrx_word' id='word_1_222' title='bbox 1959 1373 2151 1404; x_wconf 86' lang='lat' dir='ltr'><strong>ordinarios</strong></span> <span class='ocrx_word' id='word_1_223' title='bbox 2166 1373 2208 1404; x_wconf 88' lang='lat' dir='ltr'><strong>ad</strong></span> 
     </span>
     <span class='ocr_line' id='line_1_20' title="bbox 611 1424 2207 1467; baseline 0.001 -10"><span class='ocrx_word' id='word_1_224' title='bbox 611 1425 803 1457; x_wconf 84' lang='lat' dir='ltr'><strong>faciendum</strong></span> <span class='ocrx_word' id='word_1_225' title='bbox 829 1424 1162 1456; x_wconf 33' lang='lat' dir='ltr'><strong>servarixsententias</strong></span> <span class='ocrx_word' id='word_1_226' title='bbox 1185 1424 1273 1456; x_wconf 89' lang='lat' dir='ltr'><strong>latas</strong></span> <span class='ocrx_word' id='word_1_227' title='bbox 1295 1433 1355 1464; x_wconf 90' lang='lat' dir='ltr'><strong>per</strong></span> <span class='ocrx_word' id='word_1_228' title='bbox 1370 1433 1449 1456; x_wconf 91' lang='lat' dir='ltr'><strong>eum</strong></span> <span class='ocrx_word' id='word_1_229' title='bbox 1464 1425 1517 1456; x_wconf 91' lang='lat' dir='ltr'><strong>vel</strong></span> <span class='ocrx_word' id='word_1_230' title='bbox 1534 1424 1696 1456; x_wconf 78' lang='lat' dir='ltr'><strong>officiales</strong></span> <span class='ocrx_word' id='word_1_231' title='bbox 1722 1434 1803 1456; x_wconf 87' lang='lat' dir='ltr'><strong>suos</strong></span> <span class='ocrx_word' id='word_1_232' title='bbox 1825 1427 1940 1457; x_wconf 82' lang='lat' dir='ltr'><strong>contra</strong></span> <span class='ocrx_word' id='word_1_233' title='bbox 1959 1426 2056 1458; x_wconf 88' lang='lat' dir='ltr'><strong>tales.</strong></span> <span class='ocrx_word' id='word_1_234' title='bbox 2081 1426 2134 1467; x_wconf 90' lang='lat' dir='ltr'><strong>(V.</strong></span> <span class='ocrx_word' id='word_1_235' title='bbox 2155 1427 2207 1465; x_wconf 83' lang='grc'><strong>70,</strong></span> 
     </span>
     <span class='ocr_line' id='line_1_21' title="bbox 613 1478 936 1520; baseline -0.009 -9"><span class='ocrx_word' id='word_1_236' title='bbox 613 1488 665 1520; x_wconf 85' lang='lat' dir='ltr'><strong>ep.</strong></span> <span class='ocrx_word' id='word_1_237' title='bbox 688 1481 728 1511; x_wconf 85' lang='lat'><strong>99</strong></span> <span class='ocrx_word' id='word_1_238' title='bbox 743 1479 784 1515; x_wconf 87' lang='lat' dir='ltr'><strong>G,</strong></span> <span class='ocrx_word' id='word_1_239' title='bbox 801 1478 838 1509; x_wconf 80' lang='lat' dir='ltr'><strong>de</strong></span> <span class='ocrx_word' id='word_1_240' title='bbox 856 1478 936 1518; x_wconf 81' lang='lat' dir='ltr'><strong>cur.)</strong></span> 
     </span>
    </p>

    <p class='ocr_par' dir='ltr' id='par_1_12' title="bbox 334 1529 2211 1681">
     <span class='ocr_line' id='line_1_22' title="bbox 334 1529 2210 1574; baseline 0.001 -10"><span class='ocrx_word' id='word_1_241' title='bbox 334 1536 369 1564; x_wconf 81' lang='lat' dir='ltr'><strong>Ut</strong></span> <span class='ocrx_word' id='word_1_242' title='bbox 389 1544 413 1563; x_wconf 87' lang='lat' dir='ltr'><strong>s.</strong></span> <span class='ocrx_word' id='word_1_243' title='bbox 658 1529 794 1574; x_wconf 83' lang='grc'><strong>12173.</strong></span> <span class='ocrx_word' id='word_1_244' title='bbox 816 1549 855 1554; x_wconf 86' lang='lat'>-</span> <span class='ocrx_word' id='word_1_245' title='bbox 879 1530 955 1562; x_wconf 83' lang='lat' dir='ltr'><strong>Eid.</strong></span> <span class='ocrx_word' id='word_1_246' title='bbox 975 1531 1088 1562; x_wconf 87' lang='lat' dir='ltr'><strong>mand.</strong></span> <span class='ocrx_word' id='word_1_247' title='bbox 1107 1531 1197 1571; x_wconf 88' lang='lat' dir='ltr'><strong>quod</strong></span> <span class='ocrx_word' id='word_1_248' title='bbox 1219 1532 1335 1562; x_wconf 90' lang='lat' dir='ltr'><strong>contra</strong></span> <span class='ocrx_word' id='word_1_249' title='bbox 1355 1531 1500 1569; x_wconf 87' lang='lat' dir='ltr'><strong>nobiles,</strong></span> <span class='ocrx_word' id='word_1_250' title='bbox 1521 1533 1674 1572; x_wconf 88' lang='lat' dir='ltr'><strong>potentes</strong></span> <span class='ocrx_word' id='word_1_251' title='bbox 1695 1534 1727 1564; x_wconf 91' lang='lat' dir='ltr'><strong>et</strong></span> <span class='ocrx_word' id='word_1_252' title='bbox 1750 1533 2012 1565; x_wconf 87' lang='lat' dir='ltr'><strong>communitates</strong></span> <span class='ocrx_word' id='word_1_253' title='bbox 2028 1534 2210 1574; x_wconf 83' lang='lat' dir='ltr'><strong>provinciae</strong></span> 
     </span>
     <span class='ocr_line' id='line_1_23' title="bbox 612 1584 2211 1627; baseline 0.001 -10"><span class='ocrx_word' id='word_1_254' title='bbox 612 1585 680 1617; x_wconf 87' lang='lat' dir='ltr'><strong>sibi</strong></span> <span class='ocrx_word' id='word_1_255' title='bbox 695 1585 848 1623; x_wconf 80' lang='lat' dir='ltr'><strong>decretae,</strong></span> <span class='ocrx_word' id='word_1_256' title='bbox 867 1585 925 1625; x_wconf 88' lang='lat' dir='ltr'><strong>qui</strong></span> <span class='ocrx_word' id='word_1_257' title='bbox 942 1584 1151 1624; x_wconf 89' lang='lat' dir='ltr'><strong>provinciam</strong></span> <span class='ocrx_word' id='word_1_258' title='bbox 1176 1585 1286 1624; x_wconf 88' lang='lat' dir='ltr'><strong>ipsam</strong></span> <span class='ocrx_word' id='word_1_259' title='bbox 1307 1594 1408 1616; x_wconf 87' lang='lat' dir='ltr'><strong>manu</strong></span> <span class='ocrx_word' id='word_1_260' title='bbox 1434 1587 1563 1616; x_wconf 85' lang='lat' dir='ltr'><strong>armata</strong></span> <span class='ocrx_word' id='word_1_261' title='bbox 1581 1586 1793 1624; x_wconf 87' lang='lat' dir='ltr'><strong>conturbant,</strong></span> <span class='ocrx_word' id='word_1_262' title='bbox 1821 1587 1930 1626; x_wconf 84' lang='lat' dir='ltr'><strong>possit</strong></span> <span class='ocrx_word' id='word_1_263' title='bbox 1952 1588 2133 1627; x_wconf 90' lang='lat' dir='ltr'><strong>procedere</strong></span> <span class='ocrx_word' id='word_1_264' title='bbox 2149 1596 2211 1627; x_wconf 81' lang='lat' dir='ltr'><strong>per</strong></span> 
     </span>
     <span class='ocr_line' id='line_1_24' title="bbox 612 1638 2210 1681; baseline 0.001 -11"><span class='ocrx_word' id='word_1_265' title='bbox 612 1647 740 1671; x_wconf 85' lang='lat' dir='ltr'><strong>excom.</strong></span> <span class='ocrx_word' id='word_1_266' title='bbox 758 1639 793 1669; x_wconf 92' lang='lat' dir='ltr'><strong>in</strong></span> <span class='ocrx_word' id='word_1_267' title='bbox 807 1646 970 1678; x_wconf 86' lang='lat' dir='ltr'><strong>personas</strong></span> <span class='ocrx_word' id='word_1_268' title='bbox 983 1638 1015 1669; x_wconf 93' lang='lat' dir='ltr'><strong>et</strong></span> <span class='ocrx_word' id='word_1_269' title='bbox 1030 1638 1202 1669; x_wconf 88' lang='lat' dir='ltr'><strong>interdicti</strong></span> <span class='ocrx_word' id='word_1_270' title='bbox 1217 1638 1252 1669; x_wconf 89' lang='lat' dir='ltr'><strong>in</strong></span> <span class='ocrx_word' id='word_1_271' title='bbox 1269 1638 1372 1669; x_wconf 91' lang='lat' dir='ltr'><strong>terris</strong></span> <span class='ocrx_word' id='word_1_272' title='bbox 1389 1647 1505 1670; x_wconf 90' lang='lat' dir='ltr'><strong>eorum</strong></span> <span class='ocrx_word' id='word_1_273' title='bbox 1529 1640 1728 1671; x_wconf 83' lang='lat' dir='ltr'><strong>sententias.</strong></span> <span class='ocrx_word' id='word_1_274' title='bbox 1749 1639 1802 1680; x_wconf 88' lang='lat' dir='ltr'><strong>(V.</strong></span> <span class='ocrx_word' id='word_1_275' title='bbox 1820 1641 1869 1676; x_wconf 85' lang='lat'><strong>70,</strong></span> <span class='ocrx_word' id='word_1_276' title='bbox 1890 1649 1942 1681; x_wconf 82' lang='lat' dir='ltr'><strong>ep.</strong></span> <span class='ocrx_word' id='word_1_277' title='bbox 1963 1642 2002 1672; x_wconf 88' lang='lat'><strong>99</strong></span> <span class='ocrx_word' id='word_1_278' title='bbox 2017 1641 2062 1678; x_wconf 94' lang='grc' dir='ltr'><strong>Η,</strong></span> <span class='ocrx_word' id='word_1_279' title='bbox 2079 1640 2114 1671; x_wconf 84' lang='lat' dir='ltr'><strong>de</strong></span> <span class='ocrx_word' id='word_1_280' title='bbox 2131 1640 2210 1680; x_wconf 83' lang='lat' dir='ltr'><strong>cur.)</strong></span> 
     </span>
    </p>

    <p class='ocr_par' dir='ltr' id='par_1_13' title="bbox 334 1688 2211 1839">
     <span class='ocr_line' id='line_1_25' title="bbox 334 1688 2209 1731; baseline 0.001 -8"><span class='ocrx_word' id='word_1_281' title='bbox 334 1695 370 1723; x_wconf 83' lang='lat' dir='ltr'><strong>Ut</strong></span> <span class='ocrx_word' id='word_1_282' title='bbox 390 1703 414 1723; x_wconf 84' lang='lat' dir='ltr'><strong>s.</strong></span> <span class='ocrx_word' id='word_1_283' title='bbox 658 1689 727 1721; x_wconf 82' lang='lat'><strong>121</strong></span> <span class='ocrx_word' id='word_1_284' title='bbox 735 1688 794 1720; x_wconf 71' lang='lat'><strong>⁷4.</strong></span> <span class='ocrx_word' id='word_1_285' title='bbox 811 1710 849 1714; x_wconf 88' lang='lat'>—</span> <span class='ocrx_word' id='word_1_286' title='bbox 865 1691 941 1722; x_wconf 59' lang='lat' dir='ltr'><strong>Eirl.</strong></span> <span class='ocrx_word' id='word_1_287' title='bbox 959 1700 1053 1722; x_wconf 83' lang='lat' dir='ltr'><strong>conc.</strong></span> <span class='ocrx_word' id='word_1_288' title='bbox 1069 1691 1159 1731; x_wconf 90' lang='lat' dir='ltr'><strong>quod</strong></span> <span class='ocrx_word' id='word_1_289' title='bbox 1172 1691 1282 1731; x_wconf 89' lang='lat' dir='ltr'><strong>possit</strong></span> <span class='ocrx_word' id='word_1_290' title='bbox 1297 1700 1357 1731; x_wconf 88' lang='lat' dir='ltr'><strong>per</strong></span> <span class='ocrx_word' id='word_1_291' title='bbox 1368 1700 1404 1722; x_wconf 91' lang='lat' dir='ltr'><strong>se</strong></span> <span class='ocrx_word' id='word_1_292' title='bbox 1417 1692 1471 1723; x_wconf 89' lang='lat' dir='ltr'><strong>vel</strong></span> <span class='ocrx_word' id='word_1_293' title='bbox 1485 1692 1649 1724; x_wconf 85' lang='lat' dir='ltr'><strong>officiales</strong></span> <span class='ocrx_word' id='word_1_294' title='bbox 1665 1701 1746 1724; x_wconf 90' lang='lat' dir='ltr'><strong>suos</strong></span> <span class='ocrx_word' id='word_1_295' title='bbox 1757 1693 1860 1724; x_wconf 86' lang='lat' dir='ltr'><strong>citare</strong></span> <span class='ocrx_word' id='word_1_296' title='bbox 1874 1695 1906 1724; x_wconf 90' lang='lat' dir='ltr'><strong>et</strong></span> <span class='ocrx_word' id='word_1_297' title='bbox 1920 1702 2039 1724; x_wconf 87' lang='lat' dir='ltr'><strong>vocare</strong></span> <span class='ocrx_word' id='word_1_298' title='bbox 2056 1694 2098 1724; x_wconf 87' lang='lat' dir='ltr'><strong>ad</strong></span> <span class='ocrx_word' id='word_1_299' title='bbox 2112 1702 2209 1725; x_wconf 88' lang='lat' dir='ltr'><strong>suam</strong></span> 
     </span>
     <span class='ocr_line' id='line_1_26' title="bbox 611 1745 2211 1784; baseline 0.001 -8"><span class='ocrx_word' id='word_1_300' title='bbox 611 1745 667 1776; x_wconf 89' lang='lat' dir='ltr'><strong>vel</strong></span> <span class='ocrx_word' id='word_1_301' title='bbox 694 1745 894 1777; x_wconf 86' lang='lat' dir='ltr'><strong>officialium</strong></span> <span class='ocrx_word' id='word_1_302' title='bbox 919 1745 1115 1775; x_wconf 82' lang='lat' dir='ltr'><strong>eorumdem</strong></span> <span class='ocrx_word' id='word_1_303' title='bbox 1141 1745 1340 1784; x_wconf 81' lang='lat' dir='ltr'><strong>praesentias</strong></span> <span class='ocrx_word' id='word_1_304' title='bbox 1358 1745 1491 1776; x_wconf 88' lang='lat' dir='ltr'><strong>nobiles</strong></span> <span class='ocrx_word' id='word_1_305' title='bbox 1515 1747 1547 1776; x_wconf 90' lang='lat' dir='ltr'><strong>et</strong></span> <span class='ocrx_word' id='word_1_306' title='bbox 1570 1746 1656 1777; x_wconf 89' lang='lat' dir='ltr'><strong>alios</strong></span> <span class='ocrx_word' id='word_1_307' title='bbox 1679 1746 1858 1777; x_wconf 81' lang='lat' dir='ltr'><strong>inferiores</strong></span> <span class='ocrx_word' id='word_1_308' title='bbox 1877 1746 2123 1784; x_wconf 87' lang='lat' dir='ltr'><strong>inobedientes,</strong></span> <span class='ocrx_word' id='word_1_309' title='bbox 2145 1755 2211 1778; x_wconf 91' lang='lat' dir='ltr'><strong>non</strong></span> 
     </span>
     <span class='ocr_line' id='line_1_27' title="bbox 613 1798 2211 1839; baseline 0.001 -10"><span class='ocrx_word' id='word_1_310' title='bbox 613 1798 766 1830; x_wconf 86' lang='lat' dir='ltr'><strong>obstante</strong></span> <span class='ocrx_word' id='word_1_311' title='bbox 781 1798 856 1838; x_wconf 90' lang='lat' dir='ltr'><strong>jure</strong></span> <span class='ocrx_word' id='word_1_312' title='bbox 873 1798 1172 1829; x_wconf 87' lang='lat' dir='ltr'><strong>consuetudinario</strong></span> <span class='ocrx_word' id='word_1_313' title='bbox 1190 1807 1256 1838; x_wconf 91' lang='lat' dir='ltr'><strong>quo</strong></span> <span class='ocrx_word' id='word_1_314' title='bbox 1272 1799 1368 1829; x_wconf 79' lang='lat' dir='ltr'><strong>extra</strong></span> <span class='ocrx_word' id='word_1_315' title='bbox 1389 1806 1469 1829; x_wconf 90' lang='lat' dir='ltr'><strong>suas</strong></span> <span class='ocrx_word' id='word_1_316' title='bbox 1490 1798 1581 1829; x_wconf 83' lang='lat' dir='ltr'><strong>civit.</strong></span> <span class='ocrx_word' id='word_1_317' title='bbox 1602 1798 1656 1830; x_wconf 90' lang='lat' dir='ltr'><strong>vel</strong></span> <span class='ocrx_word' id='word_1_318' title='bbox 1672 1799 1717 1831; x_wconf 88' lang='lat' dir='ltr'><strong>di.</strong></span> <span class='ocrx_word' id='word_1_319' title='bbox 1741 1799 1782 1830; x_wconf 89' lang='lat' dir='ltr'><strong>ad</strong></span> <span class='ocrx_word' id='word_1_320' title='bbox 1801 1799 1968 1839; x_wconf 87' lang='lat' dir='ltr'><strong>judicium</strong></span> <span class='ocrx_word' id='word_1_321' title='bbox 1991 1800 2124 1831; x_wconf 87' lang='lat' dir='ltr'><strong>evocari</strong></span> <span class='ocrx_word' id='word_1_322' title='bbox 2143 1808 2211 1831; x_wconf 90' lang='lat' dir='ltr'><strong>non</strong></span> 
     </span>
    </p>
   </div>
   <div class='ocr_carea' id='block_1_9' title="bbox 613 1851 2210 1943">
    <p class='ocr_par' dir='ltr' id='par_1_14' title="bbox 613 1851 2210 1943">
     <span class='ocr_line' id='line_1_28' title="bbox 613 1851 2210 1893; baseline 0.001 -10"><span class='ocrx_word' id='word_1_323' title='bbox 613 1852 759 1892; x_wconf 80' lang='lat' dir='ltr'><strong>possint,</strong></span> <span class='ocrx_word' id='word_1_324' title='bbox 776 1853 808 1883; x_wconf 91' lang='lat' dir='ltr'><strong>et</strong></span> <span class='ocrx_word' id='word_1_325' title='bbox 825 1852 941 1882; x_wconf 84' lang='lat' dir='ltr'><strong>contra</strong></span> <span class='ocrx_word' id='word_1_326' title='bbox 963 1859 1021 1882; x_wconf 92' lang='lat' dir='ltr'><strong>eos</strong></span> <span class='ocrx_word' id='word_1_327' title='bbox 1037 1852 1230 1891; x_wconf 88' lang='lat' dir='ltr'><strong>procedere,</strong></span> <span class='ocrx_word' id='word_1_328' title='bbox 1247 1851 1464 1890; x_wconf 79' lang='lat' dir='ltr'><strong>sententiare,</strong></span> <span class='ocrx_word' id='word_1_329' title='bbox 1482 1861 1682 1892; x_wconf 84' lang='lat' dir='ltr'><strong>cognoscere</strong></span> <span class='ocrx_word' id='word_1_330' title='bbox 1699 1854 1731 1884; x_wconf 90' lang='lat' dir='ltr'><strong>et</strong></span> <span class='ocrx_word' id='word_1_331' title='bbox 1748 1852 1900 1884; x_wconf 88' lang='lat' dir='ltr'><strong>definire.</strong></span> <span class='ocrx_word' id='word_1_332' title='bbox 1920 1853 1973 1892; x_wconf 93' lang='lat' dir='ltr'><strong>(V.</strong></span> <span class='ocrx_word' id='word_1_333' title='bbox 1991 1854 2040 1890; x_wconf 90' lang='grc'><strong>70,</strong></span> <span class='ocrx_word' id='word_1_334' title='bbox 2058 1862 2110 1893; x_wconf 89' lang='lat' dir='ltr'><strong>ep.</strong></span> <span class='ocrx_word' id='word_1_335' title='bbox 2128 1855 2167 1885; x_wconf 89' lang='lat'><strong>99</strong></span> <span class='ocrx_word' id='word_1_336' title='bbox 2183 1853 2210 1891; x_wconf 83' lang='grc' dir='ltr'><strong>Ι,</strong></span> 
     </span>
     <span class='ocr_line' id='line_1_29' title="bbox 613 1905 742 1943; baseline -0.008 -7"><span class='ocrx_word' id='word_1_337' title='bbox 613 1905 650 1936; x_wconf 84' lang='lat' dir='ltr'><strong>de</strong></span> <span class='ocrx_word' id='word_1_338' title='bbox 663 1906 742 1943; x_wconf 84' lang='lat' dir='ltr'><strong>cur.)</strong></span> 
     </span>
    </p>
   </div>
   <div class='ocr_carea' id='block_1_10' title="bbox 336 1955 2212 2105">
    <p class='ocr_par' dir='ltr' id='par_1_15' title="bbox 336 1955 2212 2105">
     <span class='ocr_line' id='line_1_30' title="bbox 337 1955 2211 1999; baseline 0.002 -12"><span class='ocrx_word' id='word_1_339' title='bbox 337 1961 372 1989; x_wconf 75' lang='lat' dir='ltr'><strong>ct</strong></span> <span class='ocrx_word' id='word_1_340' title='bbox 392 1970 416 1991; x_wconf 73' lang='lat' dir='ltr'><strong>s,</strong></span> <span class='ocrx_word' id='word_1_341' title='bbox 662 1955 795 1987; x_wconf 75' lang='grc'><strong>12175.</strong></span> <span class='ocrx_word' id='word_1_342' title='bbox 813 1975 852 1981; x_wconf 90' lang='grc'>-</span> <span class='ocrx_word' id='word_1_343' title='bbox 870 1957 943 1988; x_wconf 84' lang='lat' dir='ltr'><strong>Eid.</strong></span> <span class='ocrx_word' id='word_1_344' title='bbox 956 1966 1048 1988; x_wconf 84' lang='lat' dir='ltr'><strong>conc.</strong></span> <span class='ocrx_word' id='word_1_345' title='bbox 1062 1958 1151 1997; x_wconf 88' lang='lat' dir='ltr'><strong>quod</strong></span> <span class='ocrx_word' id='word_1_346' title='bbox 1166 1957 1402 1988; x_wconf 88' lang='lat' dir='ltr'><strong>deficientibus</strong></span> <span class='ocrx_word' id='word_1_347' title='bbox 1416 1958 1565 1998; x_wconf 83' lang='lat' dir='ltr'><strong>praelatis</strong></span> <span class='ocrx_word' id='word_1_348' title='bbox 1580 1958 1615 1989; x_wconf 92' lang='lat' dir='ltr'><strong>in</strong></span> <span class='ocrx_word' id='word_1_349' title='bbox 1630 1959 1803 1998; x_wconf 89' lang='lat' dir='ltr'><strong>provincia</strong></span> <span class='ocrx_word' id='word_1_350' title='bbox 1818 1959 1886 1990; x_wconf 90' lang='lat' dir='ltr'><strong>sibi</strong></span> <span class='ocrx_word' id='word_1_351' title='bbox 1898 1959 2032 1990; x_wconf 88' lang='lat' dir='ltr'><strong>decreta</strong></span> <span class='ocrx_word' id='word_1_352' title='bbox 2047 1968 2154 1999; x_wconf 89' lang='lat' dir='ltr'><strong>usque</strong></span> <span class='ocrx_word' id='word_1_353' title='bbox 2170 1960 2211 1991; x_wconf 87' lang='lat' dir='ltr'><strong>ad</strong></span> 
     </span>
     <span class='ocr_line' id='line_1_31' title="bbox 614 2011 1988 2052; baseline -0.001 -9"><span class='ocrx_word' id='word_1_354' title='bbox 614 2021 719 2044; x_wconf 92' lang='lat' dir='ltr'><strong>unum</strong></span> <span class='ocrx_word' id='word_1_355' title='bbox 735 2020 861 2042; x_wconf 90' lang='lat' dir='ltr'><strong>annum</strong></span> <span class='ocrx_word' id='word_1_356' title='bbox 879 2011 988 2050; x_wconf 87' lang='lat' dir='ltr'><strong>possit</strong></span> <span class='ocrx_word' id='word_1_357' title='bbox 1005 2011 1124 2050; x_wconf 90' lang='lat' dir='ltr'><strong>punire</strong></span> <span class='ocrx_word' id='word_1_358' title='bbox 1140 2019 1301 2042; x_wconf 86' lang='lat' dir='ltr'><strong>excessus</strong></span> <span class='ocrx_word' id='word_1_359' title='bbox 1315 2011 1526 2042; x_wconf 89' lang='lat' dir='ltr'><strong>clericorum.</strong></span> <span class='ocrx_word' id='word_1_360' title='bbox 1548 2011 1602 2050; x_wconf 88' lang='lat' dir='ltr'><strong>(V.</strong></span> <span class='ocrx_word' id='word_1_361' title='bbox 1617 2013 1667 2049; x_wconf 85' lang='lat'><strong>70,</strong></span> <span class='ocrx_word' id='word_1_362' title='bbox 1685 2020 1738 2051; x_wconf 89' lang='lat' dir='ltr'><strong>ep.</strong></span> <span class='ocrx_word' id='word_1_363' title='bbox 1757 2014 1797 2044; x_wconf 88' lang='lat'><strong>99</strong></span> <span class='ocrx_word' id='word_1_364' title='bbox 1812 2013 1844 2049; x_wconf 82' lang='lat' dir='ltr'><strong>J,</strong></span> <span class='ocrx_word' id='word_1_365' title='bbox 1860 2011 1896 2043; x_wconf 84' lang='lat' dir='ltr'><strong>de</strong></span> <span class='ocrx_word' id='word_1_366' title='bbox 1909 2012 1988 2052; x_wconf 83' lang='lat' dir='ltr'><strong>cur.)</strong></span> 
     </span>
     <span class='ocr_line' id='line_1_32' title="bbox 336 2062 2212 2105; baseline 0 -9"><span class='ocrx_word' id='word_1_367' title='bbox 336 2068 372 2096; x_wconf 86' lang='lat' dir='ltr'><strong>Ut</strong></span> <span class='ocrx_word' id='word_1_368' title='bbox 392 2076 416 2095; x_wconf 83' lang='lat' dir='ltr'><strong>s.</strong></span> <span class='ocrx_word' id='word_1_369' title='bbox 661 2062 799 2095; x_wconf 82' lang='grc'><strong>12176.</strong></span> <span class='ocrx_word' id='word_1_370' title='bbox 818 2081 857 2087; x_wconf 88' lang='lat'><strong>——</strong></span> <span class='ocrx_word' id='word_1_371' title='bbox 874 2064 1048 2095; x_wconf 79' lang='lat' dir='ltr'><strong>Bertrando</strong></span> <span class='ocrx_word' id='word_1_372' title='bbox 1065 2064 1113 2094; x_wconf 81' lang='lat' dir='ltr'><strong>lit.</strong></span> <span class='ocrx_word' id='word_1_373' title='bbox 1133 2074 1158 2094; x_wconf 88' lang='lat' dir='ltr'><strong>s.</strong></span> <span class='ocrx_word' id='word_1_374' title='bbox 1174 2063 1315 2095; x_wconf 75' lang='lat' dir='ltr'><strong>Marcelli</strong></span> <span class='ocrx_word' id='word_1_375' title='bbox 1329 2064 1430 2105; x_wconf 84' lang='lat' dir='ltr'><strong>presb.</strong></span> <span class='ocrx_word' id='word_1_376' title='bbox 1449 2064 1546 2102; x_wconf 60' lang='lat' dir='ltr'><strong>card„</strong></span> <span class='ocrx_word' id='word_1_377' title='bbox 1565 2065 1605 2096; x_wconf 89' lang='lat' dir='ltr'><strong>A.</strong></span> <span class='ocrx_word' id='word_1_378' title='bbox 1621 2065 1654 2096; x_wconf 90' lang='lat' dir='ltr'><strong>S.</strong></span> <span class='ocrx_word' id='word_1_379' title='bbox 1671 2065 1793 2105; x_wconf 71' lang='lat' dir='ltr'><strong>legato.</strong></span> <span class='ocrx_word' id='word_1_380' title='bbox 1812 2065 1975 2105; x_wconf 88' lang='lat' dir='ltr'><strong>indulget.</strong></span> <span class='ocrx_word' id='word_1_381' title='bbox 1991 2067 2027 2097; x_wconf 92' lang='lat' dir='ltr'><strong>ut</strong></span> <span class='ocrx_word' id='word_1_382' title='bbox 2041 2065 2120 2096; x_wconf 89' lang='lat' dir='ltr'><strong>cler.</strong></span> <span class='ocrx_word' id='word_1_383' title='bbox 2139 2066 2212 2096; x_wconf 89' lang='lat' dir='ltr'><strong>suis</strong></span> 
     </span>
    </p>
   </div>
   <div class='ocr_carea' id='block_1_11' title="bbox 208 2117 2215 2746">
    <p class='ocr_par' dir='ltr' id='par_1_16' title="bbox 616 2117 2214 2159">
     <span class='ocr_line' id='line_1_33' title="bbox 616 2117 2214 2159; baseline 0 -9"><span class='ocrx_word' id='word_1_384' title='bbox 616 2118 792 2159; x_wconf 88' lang='lat' dir='ltr'><strong>obsequiis</strong></span> <span class='ocrx_word' id='word_1_385' title='bbox 805 2118 1015 2154; x_wconf 88' lang='lat' dir='ltr'><strong>insistentes,</strong></span> <span class='ocrx_word' id='word_1_386' title='bbox 1034 2126 1095 2148; x_wconf 88' lang='lat' dir='ltr'><strong>sua</strong></span> <span class='ocrx_word' id='word_1_387' title='bbox 1110 2117 1276 2158; x_wconf 83' lang='lat' dir='ltr'><strong>legatione</strong></span> <span class='ocrx_word' id='word_1_388' title='bbox 1294 2117 1445 2155; x_wconf 85' lang='lat' dir='ltr'><strong>durante,</strong></span> <span class='ocrx_word' id='word_1_389' title='bbox 1461 2118 1593 2157; x_wconf 82' lang='lat' dir='ltr'><strong>possint</strong></span> <span class='ocrx_word' id='word_1_390' title='bbox 1609 2118 1784 2158; x_wconf 86' lang='lat' dir='ltr'><strong>percipere</strong></span> <span class='ocrx_word' id='word_1_391' title='bbox 1800 2118 1930 2150; x_wconf 81' lang='lat' dir='ltr'><strong>fructus</strong></span> <span class='ocrx_word' id='word_1_392' title='bbox 1945 2118 2054 2150; x_wconf 88' lang='lat' dir='ltr'><strong>benef.</strong></span> <span class='ocrx_word' id='word_1_393' title='bbox 2074 2127 2214 2150; x_wconf 91' lang='lat' dir='ltr'><strong>suorum</strong></span> 
     </span>
    </p>

    <p class='ocr_par' dir='ltr' id='par_1_17' title="bbox 617 2171 2212 2213">
     <span class='ocr_line' id='line_1_34' title="bbox 617 2171 2212 2213; baseline -0.001 -10"><span class='ocrx_word' id='word_1_394' title='bbox 617 2172 746 2213; x_wconf 88' lang='lat' dir='ltr'><strong>absque</strong></span> <span class='ocrx_word' id='word_1_395' title='bbox 761 2171 957 2203; x_wconf 82' lang='lat' dir='ltr'><strong>residentia.</strong></span> <span class='ocrx_word' id='word_1_396' title='bbox 967 2190 1005 2194; x_wconf 98' lang='lat'><strong>—</strong></span> <span class='ocrx_word' id='word_1_397' title='bbox 1018 2171 1045 2202; x_wconf 90' lang='grc' dir='ltr'><strong>Ι.</strong></span> <span class='ocrx_word' id='word_1_398' title='bbox 1059 2179 1088 2202; x_wconf 89' lang='lat' dir='ltr'><strong>e.</strong></span> <span class='ocrx_word' id='word_1_399' title='bbox 1103 2179 1148 2202; x_wconf 89' lang='lat' dir='ltr'><strong>m.</strong></span> <span class='ocrx_word' id='word_1_400' title='bbox 1159 2171 1285 2202; x_wconf 87' lang='lat' dir='ltr'><strong>decano</strong></span> <span class='ocrx_word' id='word_1_401' title='bbox 1295 2171 1334 2202; x_wconf 89' lang='lat' dir='ltr'><strong>de</strong></span> <span class='ocrx_word' id='word_1_402' title='bbox 1347 2171 1512 2207; x_wconf 89' lang='lat' dir='ltr'><strong>Burlatio,</strong></span> <span class='ocrx_word' id='word_1_403' title='bbox 1531 2172 1683 2203; x_wconf 90' lang='lat' dir='ltr'><strong>Castren.</strong></span> <span class='ocrx_word' id='word_1_404' title='bbox 1699 2172 1757 2208; x_wconf 64' lang='lat' dir='ltr'><strong>di„</strong></span> <span class='ocrx_word' id='word_1_405' title='bbox 1779 2173 1811 2203; x_wconf 90' lang='lat' dir='ltr'><strong>et</strong></span> <span class='ocrx_word' id='word_1_406' title='bbox 1824 2171 1973 2203; x_wconf 82' lang='lat' dir='ltr'><strong>sacristae</strong></span> <span class='ocrx_word' id='word_1_407' title='bbox 1989 2171 2212 2209; x_wconf 88' lang='lat' dir='ltr'><strong>Avenionen.‚</strong></span> 
     </span>
    </p>

    <p class='ocr_par' dir='ltr' id='par_1_18' title="bbox 208 2224 2215 2746">
     <span class='ocr_line' id='line_1_35' title="bbox 614 2224 1934 2266; baseline -0.002 -9"><span class='ocrx_word' id='word_1_408' title='bbox 614 2235 652 2258; x_wconf 88' lang='lat' dir='ltr'><strong>ac</strong></span> <span class='ocrx_word' id='word_1_409' title='bbox 671 2234 758 2266; x_wconf 84' lang='lat' dir='ltr'><strong>mag.</strong></span> <span class='ocrx_word' id='word_1_410' title='bbox 777 2224 947 2265; x_wconf 89' lang='lat' dir='ltr'><strong>Stephano</strong></span> <span class='ocrx_word' id='word_1_411' title='bbox 965 2224 1149 2265; x_wconf 82' lang='lat' dir='ltr'><strong>Hugoneti‚</strong></span> <span class='ocrx_word' id='word_1_412' title='bbox 1164 2233 1237 2255; x_wconf 90' lang='lat' dir='ltr'><strong>can.</strong></span> <span class='ocrx_word' id='word_1_413' title='bbox 1254 2224 1388 2256; x_wconf 86' lang='lat' dir='ltr'><strong>Albien.</strong></span> <span class='ocrx_word' id='word_1_414' title='bbox 1404 2224 1483 2256; x_wconf 90' lang='lat' dir='ltr'><strong>eccl.</strong></span> <span class='ocrx_word' id='word_1_415' title='bbox 1501 2225 1555 2266; x_wconf 93' lang='lat' dir='ltr'><strong>(V.</strong></span> <span class='ocrx_word' id='word_1_416' title='bbox 1574 2225 1623 2260; x_wconf 89' lang='lat'><strong>70,</strong></span> <span class='ocrx_word' id='word_1_417' title='bbox 1640 2233 1692 2264; x_wconf 90' lang='lat' dir='ltr'><strong>ep.</strong></span> <span class='ocrx_word' id='word_1_418' title='bbox 1711 2226 1780 2262; x_wconf 76' lang='lat'><strong>162,</strong></span> <span class='ocrx_word' id='word_1_419' title='bbox 1799 2225 1836 2256; x_wconf 86' lang='lat' dir='ltr'><strong>de</strong></span> <span class='ocrx_word' id='word_1_420' title='bbox 1855 2227 1934 2264; x_wconf 83' lang='lat' dir='ltr'><strong>cur.)</strong></span> 
     </span>
     <span class='ocr_line' id='line_1_36' title="bbox 208 2276 2211 2319; baseline -0.001 -9"><span class='ocrx_word' id='word_1_421' title='bbox 208 2282 244 2310; x_wconf 74' lang='lat'><strong>10</strong></span> <span class='ocrx_word' id='word_1_422' title='bbox 256 2284 298 2317; x_wconf 83' lang='lat' dir='ltr'><strong>(iv</strong></span> <span class='ocrx_word' id='word_1_423' title='bbox 315 2281 366 2318; x_wconf 89' lang='lat' dir='ltr'><strong>id.)</strong></span> <span class='ocrx_word' id='word_1_424' title='bbox 377 2281 443 2316; x_wconf 68' lang='lat' dir='ltr'><strong>Jun.</strong></span> <span class='ocrx_word' id='word_1_425' title='bbox 460 2280 548 2309; x_wconf 74' lang='grc'><strong>1320.</strong></span> <span class='ocrx_word' id='word_1_426' title='bbox 662 2276 798 2309; x_wconf 85' lang='grc'><strong>12177.</strong></span> <span class='ocrx_word' id='word_1_427' title='bbox 819 2295 858 2300; x_wconf 90' lang='lat'><strong>—-</strong></span> <span class='ocrx_word' id='word_1_428' title='bbox 874 2277 1038 2319; x_wconf 79' lang='lat' dir='ltr'><strong>Raynaldo</strong></span> <span class='ocrx_word' id='word_1_429' title='bbox 1054 2277 1236 2318; x_wconf 74' lang='lat' dir='ltr'><strong>Lotkarinqi</strong></span> <span class='ocrx_word' id='word_1_430' title='bbox 1252 2282 1280 2308; x_wconf 79' lang='lat' dir='ltr'><strong>et</strong></span> <span class='ocrx_word' id='word_1_431' title='bbox 1295 2278 1365 2308; x_wconf 86' lang='lat' dir='ltr'><strong>aliis</strong></span> <span class='ocrx_word' id='word_1_432' title='bbox 1379 2278 1469 2308; x_wconf 80' lang='lat' dir='ltr'><strong>sociis</strong></span> <span class='ocrx_word' id='word_1_433' title='bbox 1485 2278 1520 2308; x_wconf 85' lang='lat' dir='ltr'><strong>de</strong></span> <span class='ocrx_word' id='word_1_434' title='bbox 1532 2278 1674 2308; x_wconf 76' lang='lat' dir='ltr'><strong>societate</strong></span> <span class='ocrx_word' id='word_1_435' title='bbox 1685 2278 1858 2308; x_wconf 81' lang='lat' dir='ltr'><strong>Bardorum</strong></span> <span class='ocrx_word' id='word_1_436' title='bbox 1876 2277 1912 2308; x_wconf 87' lang='lat' dir='ltr'><strong>de</strong></span> <span class='ocrx_word' id='word_1_437' title='bbox 1926 2277 2084 2308; x_wconf 81' lang='lat' dir='ltr'><strong>Florentia</strong></span> <span class='ocrx_word' id='word_1_438' title='bbox 2099 2278 2211 2309; x_wconf 89' lang='lat' dir='ltr'><strong>mand.</strong></span> 
     </span>
     <span class='ocr_line' id='line_1_37' title="bbox 616 2331 2214 2373; baseline -0.002 -9"><span class='ocrx_word' id='word_1_439' title='bbox 616 2332 706 2373; x_wconf 89' lang='lat' dir='ltr'><strong>quod</strong></span> <span class='ocrx_word' id='word_1_440' title='bbox 728 2332 904 2372; x_wconf 80' lang='lat' dir='ltr'><strong>assignent</strong></span> <span class='ocrx_word' id='word_1_441' title='bbox 917 2331 1042 2363; x_wconf 56' lang='lat' dir='ltr'><strong>„Ioanni</strong></span> <span class='ocrx_word' id='word_1_442' title='bbox 1060 2331 1267 2362; x_wconf 82' lang='lat' dir='ltr'><strong>Caranzonis</strong></span> <span class='ocrx_word' id='word_1_443' title='bbox 1285 2332 1317 2362; x_wconf 92' lang='lat' dir='ltr'><strong>et</strong></span> <span class='ocrx_word' id='word_1_444' title='bbox 1340 2331 1445 2363; x_wconf 89' lang='lat' dir='ltr'><strong>Paulo</strong></span> <span class='ocrx_word' id='word_1_445' title='bbox 1467 2331 1608 2372; x_wconf 83' lang='lat' dir='ltr'><strong>Galgani</strong></span> <span class='ocrx_word' id='word_1_446' title='bbox 1625 2332 1666 2363; x_wconf 86' lang='lat' dir='ltr'><strong>de</strong></span> <span class='ocrx_word' id='word_1_447' title='bbox 1687 2332 1848 2363; x_wconf 87' lang='lat' dir='ltr'><strong>societate</strong></span> <span class='ocrx_word' id='word_1_448' title='bbox 1866 2331 2130 2367; x_wconf 87' lang='lat' dir='ltr'><strong>Sabateriorum,</strong></span> <span class='ocrx_word' id='word_1_449' title='bbox 2149 2332 2214 2362; x_wconf 87' lang='lat' dir='ltr'><strong>Ro-</strong></span> 
     </span>
     <span class='ocr_line' id='line_1_38' title="bbox 616 2383 2214 2427; baseline -0.002 -10"><span class='ocrx_word' id='word_1_450' title='bbox 616 2386 709 2427; x_wconf 84' lang='lat' dir='ltr'><strong>gerio</strong></span> <span class='ocrx_word' id='word_1_451' title='bbox 724 2385 920 2417; x_wconf 88' lang='lat' dir='ltr'><strong>Bonacurtii</strong></span> <span class='ocrx_word' id='word_1_452' title='bbox 936 2387 968 2416; x_wconf 92' lang='lat' dir='ltr'><strong>et</strong></span> <span class='ocrx_word' id='word_1_453' title='bbox 985 2383 1081 2417; x_wconf 83' lang='lat' dir='ltr'><strong>Sabae</strong></span> <span class='ocrx_word' id='word_1_454' title='bbox 1097 2384 1269 2421; x_wconf 77' lang='lat' dir='ltr'><strong>Sabatino,</strong></span> <span class='ocrx_word' id='word_1_455' title='bbox 1284 2385 1324 2415; x_wconf 91' lang='lat' dir='ltr'><strong>de</strong></span> <span class='ocrx_word' id='word_1_456' title='bbox 1337 2384 1497 2415; x_wconf 85' lang='lat' dir='ltr'><strong>societate</strong></span> <span class='ocrx_word' id='word_1_457' title='bbox 1510 2385 1790 2416; x_wconf 81' lang='lat' dir='ltr'><strong>Bonacurliorum</strong></span> <span class='ocrx_word' id='word_1_458' title='bbox 1805 2385 1845 2415; x_wconf 92' lang='lat' dir='ltr'><strong>de</strong></span> <span class='ocrx_word' id='word_1_459' title='bbox 1857 2384 1958 2422; x_wconf 90' lang='lat' dir='ltr'><strong>Urbe,</strong></span> <span class='ocrx_word' id='word_1_460' title='bbox 1976 2384 2124 2423; x_wconf 85' lang='lat' dir='ltr'><strong>quinque</strong></span> <span class='ocrx_word' id='word_1_461' title='bbox 2141 2383 2214 2414; x_wconf 89' lang='lat' dir='ltr'><strong>mil-</strong></span> 
     </span>
     <span class='ocr_line' id='line_1_39' title="bbox 616 2436 2096 2478; baseline -0.003 -7"><span class='ocrx_word' id='word_1_462' title='bbox 616 2440 664 2471; x_wconf 87' lang='lat' dir='ltr'><strong>lia</strong></span> <span class='ocrx_word' id='word_1_463' title='bbox 677 2439 749 2471; x_wconf 86' lang='lat' dir='ltr'><strong>flor.</strong></span> <span class='ocrx_word' id='word_1_464' title='bbox 767 2438 842 2470; x_wconf 89' lang='lat' dir='ltr'><strong>auri</strong></span> <span class='ocrx_word' id='word_1_465' title='bbox 859 2438 1082 2478; x_wconf 82' lang='lat' dir='ltr'><strong>expendenda</strong></span> <span class='ocrx_word' id='word_1_466' title='bbox 1096 2438 1131 2469; x_wconf 91' lang='lat' dir='ltr'><strong>in</strong></span> <span class='ocrx_word' id='word_1_467' title='bbox 1147 2437 1359 2477; x_wconf 85' lang='lat' dir='ltr'><strong>reparatione</strong></span> <span class='ocrx_word' id='word_1_468' title='bbox 1375 2438 1454 2468; x_wconf 89' lang='lat' dir='ltr'><strong>eccl.</strong></span> <span class='ocrx_word' id='word_1_469' title='bbox 1474 2438 1674 2469; x_wconf 88' lang='lat' dir='ltr'><strong>Lateranen.</strong></span> <span class='ocrx_word' id='word_1_470' title='bbox 1692 2437 1745 2477; x_wconf 89' lang='lat' dir='ltr'><strong>(V.</strong></span> <span class='ocrx_word' id='word_1_471' title='bbox 1763 2439 1813 2475; x_wconf 84' lang='lat'><strong>70,</strong></span> <span class='ocrx_word' id='word_1_472' title='bbox 1832 2446 1883 2477; x_wconf 92' lang='lat' dir='ltr'><strong>ep.</strong></span> <span class='ocrx_word' id='word_1_473' title='bbox 1902 2439 1951 2472; x_wconf 80' lang='grc'><strong>71,</strong></span> <span class='ocrx_word' id='word_1_474' title='bbox 1967 2436 2003 2467; x_wconf 84' lang='lat' dir='ltr'><strong>de</strong></span> <span class='ocrx_word' id='word_1_475' title='bbox 2018 2439 2096 2475; x_wconf 82' lang='lat' dir='ltr'><strong>cur.)</strong></span> 
     </span>
     <span class='ocr_line' id='line_1_40' title="bbox 270 2489 2214 2531; baseline -0.002 -8"><span class='ocrx_word' id='word_1_476' title='bbox 270 2495 384 2531; x_wconf 69' lang='lat' dir='ltr'><strong>Mjun.</strong></span> <span class='ocrx_word' id='word_1_477' title='bbox 403 2495 491 2523; x_wconf 71' lang='lat'><em>4320.</em></span> <span class='ocrx_word' id='word_1_478' title='bbox 664 2489 799 2522; x_wconf 85' lang='grc'><strong>12178.</strong></span> <span class='ocrx_word' id='word_1_479' title='bbox 819 2510 858 2515; x_wconf 93' lang='grc'>-</span> <span class='ocrx_word' id='word_1_480' title='bbox 874 2491 927 2523; x_wconf 87' lang='lat' dir='ltr'><strong>Ad</strong></span> <span class='ocrx_word' id='word_1_481' title='bbox 941 2491 1082 2531; x_wconf 80' lang='lat' dir='ltr'><strong>futuram</strong></span> <span class='ocrx_word' id='word_1_482' title='bbox 1098 2491 1144 2521; x_wconf 84' lang='lat' dir='ltr'><strong>rei</strong></span> <span class='ocrx_word' id='word_1_483' title='bbox 1165 2491 1350 2522; x_wconf 77' lang='lat' dir='ltr'><strong>memoriam.</strong></span> <span class='ocrx_word' id='word_1_484' title='bbox 1374 2491 1573 2522; x_wconf 87' lang='lat' dir='ltr'><strong>Indicuntur</strong></span> <span class='ocrx_word' id='word_1_485' title='bbox 1592 2492 1716 2530; x_wconf 84' lang='lat' dir='ltr'><strong>treugae</strong></span> <span class='ocrx_word' id='word_1_486' title='bbox 1736 2491 1823 2521; x_wconf 88' lang='lat' dir='ltr'><strong>inter</strong></span> <span class='ocrx_word' id='word_1_487' title='bbox 1838 2489 2024 2522; x_wconf 87' lang='lat' dir='ltr'><strong>Robertum</strong></span> <span class='ocrx_word' id='word_1_488' title='bbox 2041 2489 2165 2520; x_wconf 87' lang='lat' dir='ltr'><strong>Siciliae</strong></span> <span class='ocrx_word' id='word_1_489' title='bbox 2180 2490 2214 2520; x_wconf 89' lang='lat' dir='ltr'><strong>et</strong></span> 
     </span>
     <span class='ocr_line' id='line_1_41' title="bbox 260 2539 2211 2584; baseline -0.002 -8"><span class='ocrx_word' id='word_1_490' title='bbox 260 2542 348 2575; x_wconf 80' lang='lat' dir='ltr'><strong>(xvm</strong></span> <span class='ocrx_word' id='word_1_491' title='bbox 363 2539 422 2568; x_wconf 67' lang='lat'>1¹⁸¹·</span> <span class='ocrx_word' id='word_1_492' title='bbox 433 2539 500 2576; x_wconf 56' lang='lat' dir='ltr'><strong>jul)</strong></span> <span class='ocrx_word' id='word_1_493' title='bbox 617 2546 836 2578; x_wconf 87' lang='lat' dir='ltr'><strong>Fredericum</strong></span> <span class='ocrx_word' id='word_1_494' title='bbox 851 2545 1036 2577; x_wconf 62' lang='lat' dir='ltr'><strong>Trinacriae</strong></span> <span class='ocrx_word' id='word_1_495' title='bbox 1052 2553 1149 2584; x_wconf 83' lang='lat' dir='ltr'><strong>reges</strong></span> <span class='ocrx_word' id='word_1_496' title='bbox 1166 2544 1333 2580; x_wconf 79' lang='lat' dir='ltr'><strong>illustreS,</strong></span> <span class='ocrx_word' id='word_1_497' title='bbox 1350 2545 1450 2583; x_wconf 91' lang='lat' dir='ltr'><strong>prout</strong></span> <span class='ocrx_word' id='word_1_498' title='bbox 1463 2543 1669 2575; x_wconf 88' lang='lat' dir='ltr'><strong>Guillelmus</strong></span> <span class='ocrx_word' id='word_1_499' title='bbox 1685 2552 1782 2583; x_wconf 90' lang='lat' dir='ltr'><strong>ep.us</strong></span> <span class='ocrx_word' id='word_1_500' title='bbox 1793 2543 1931 2574; x_wconf 86' lang='lat' dir='ltr'><strong>Trecen.</strong></span> <span class='ocrx_word' id='word_1_501' title='bbox 1949 2543 1980 2573; x_wconf 91' lang='lat' dir='ltr'><strong>et</strong></span> <span class='ocrx_word' id='word_1_502' title='bbox 1998 2542 2119 2573; x_wconf 90' lang='lat' dir='ltr'><strong>Petrus</strong></span> <span class='ocrx_word' id='word_1_503' title='bbox 2136 2541 2211 2573; x_wconf 84' lang='lat' dir='ltr'><strong>abb.</strong></span> 
     </span>
     <span class='ocr_line' id='line_1_42' title="bbox 619 2596 2213 2635; baseline -0.004 -4"><span class='ocrx_word' id='word_1_504' title='bbox 619 2600 764 2632; x_wconf 84' lang='lat' dir='ltr'><strong>monast.</strong></span> <span class='ocrx_word' id='word_1_505' title='bbox 780 2607 808 2630; x_wconf 90' lang='lat' dir='ltr'><strong>s.</strong></span> <span class='ocrx_word' id='word_1_506' title='bbox 825 2598 1001 2630; x_wconf 87' lang='lat' dir='ltr'><strong>Saturnini</strong></span> <span class='ocrx_word' id='word_1_507' title='bbox 1017 2598 1190 2635; x_wconf 70' lang='lat' dir='ltr'><strong>Tolosam,</strong></span> <span class='ocrx_word' id='word_1_508' title='bbox 1207 2597 1241 2629; x_wconf 86' lang='lat' dir='ltr'><strong>S.</strong></span> <span class='ocrx_word' id='word_1_509' title='bbox 1258 2598 1298 2629; x_wconf 84' lang='lat' dir='ltr'><strong>R.</strong></span> <span class='ocrx_word' id='word_1_510' title='bbox 1319 2598 1356 2628; x_wconf 88' lang='lat' dir='ltr'><strong>E.</strong></span> <span class='ocrx_word' id='word_1_511' title='bbox 1375 2597 1684 2631; x_wconf 85' lang='lat' dir='ltr'><strong>vicecancellarius,</strong></span> <span class='ocrx_word' id='word_1_512' title='bbox 1703 2596 1813 2627; x_wconf 85' lang='lat' dir='ltr'><strong>nuntii</strong></span> <span class='ocrx_word' id='word_1_513' title='bbox 1829 2596 1871 2627; x_wconf 89' lang='lat' dir='ltr'><strong>ad</strong></span> <span class='ocrx_word' id='word_1_514' title='bbox 1885 2596 1992 2626; x_wconf 87' lang='lat' dir='ltr'><strong>dictos</strong></span> <span class='ocrx_word' id='word_1_515' title='bbox 2008 2603 2104 2635; x_wconf 86' lang='lat' dir='ltr'><strong>reges</strong></span> <span class='ocrx_word' id='word_1_516' title='bbox 2116 2603 2213 2634; x_wconf 90' lang='lat' dir='ltr'><strong>prop-</strong></span> 
     </span>
     <span class='ocr_line' id='line_1_43' title="bbox 618 2647 2215 2689; baseline -0.004 -5"><span class='ocrx_word' id='word_1_517' title='bbox 618 2654 670 2685; x_wconf 84' lang='lat' dir='ltr'><strong>ter</strong></span> <span class='ocrx_word' id='word_1_518' title='bbox 687 2652 750 2684; x_wconf 88' lang='lat' dir='ltr'><strong>hoc</strong></span> <span class='ocrx_word' id='word_1_519' title='bbox 774 2651 948 2689; x_wconf 87' lang='lat' dir='ltr'><strong>destinati,</strong></span> <span class='ocrx_word' id='word_1_520' title='bbox 968 2651 1173 2687; x_wconf 87' lang='lat' dir='ltr'><strong>indixerant,</strong></span> <span class='ocrx_word' id='word_1_521' title='bbox 1197 2650 1326 2681; x_wconf 85' lang='lat' dir='ltr'><strong>scilicet</strong></span> <span class='ocrx_word' id='word_1_522' title='bbox 1349 2659 1457 2689; x_wconf 89' lang='lat' dir='ltr'><strong>usque</strong></span> <span class='ocrx_word' id='word_1_523' title='bbox 1481 2650 1523 2680; x_wconf 85' lang='lat' dir='ltr'><strong>ad</strong></span> <span class='ocrx_word' id='word_1_524' title='bbox 1540 2650 1609 2680; x_wconf 89' lang='lat' dir='ltr'><strong>tres</strong></span> <span class='ocrx_word' id='word_1_525' title='bbox 1634 2657 1739 2680; x_wconf 90' lang='lat' dir='ltr'><strong>annos</strong></span> <span class='ocrx_word' id='word_1_526' title='bbox 1767 2658 1787 2680; x_wconf 88' lang='lat' dir='ltr'><strong>a</strong></span> <span class='ocrx_word' id='word_1_527' title='bbox 1809 2649 1893 2680; x_wconf 85' lang='lat' dir='ltr'><strong>festo</strong></span> <span class='ocrx_word' id='word_1_528' title='bbox 1916 2647 2113 2680; x_wconf 86' lang='lat' dir='ltr'><strong>Nativitatis</strong></span> <span class='ocrx_word' id='word_1_529' title='bbox 2134 2647 2215 2678; x_wconf 90' lang='lat' dir='ltr'><strong>D.ni</strong></span> 
     </span>
     <span class='ocr_line' id='line_1_44' title="bbox 609 2703 1267 2746; baseline -0.005 -8"><span class='ocrx_word' id='word_1_530' title='bbox 609 2705 848 2746; x_wconf 66' lang='lat' dir='ltr'><strong>complendos.</strong></span> <span class='ocrx_word' id='word_1_531' title='bbox 863 2704 918 2745; x_wconf 94' lang='lat' dir='ltr'><strong>(V.</strong></span> <span class='ocrx_word' id='word_1_532' title='bbox 934 2705 984 2742; x_wconf 89' lang='grc'><strong>70,</strong></span> <span class='ocrx_word' id='word_1_533' title='bbox 997 2713 1049 2744; x_wconf 86' lang='lat' dir='ltr'><strong>ep.</strong></span> <span class='ocrx_word' id='word_1_534' title='bbox 1066 2705 1117 2741; x_wconf 83' lang='lat'><strong>68,</strong></span> <span class='ocrx_word' id='word_1_535' title='bbox 1134 2703 1171 2734; x_wconf 85' lang='lat' dir='ltr'><strong>de</strong></span> <span class='ocrx_word' id='word_1_536' title='bbox 1188 2705 1267 2740; x_wconf 84' lang='lat' dir='ltr'><strong>cur.)</strong></span> 
     </span>
    </p>
   </div>
   <div class='ocr_carea' id='block_1_12' title="bbox 198 2753 2218 3010">
    <p class='ocr_par' dir='ltr' id='par_1_19' title="bbox 198 2753 2218 3010">
     <span class='ocr_line' id='line_1_45' title="bbox 273 2753 2217 2796; baseline -0.002 -8"><span class='ocrx_word' id='word_1_537' title='bbox 273 2761 310 2789; x_wconf 76' lang='lat'><strong>{6</strong></span> <span class='ocrx_word' id='word_1_538' title='bbox 319 2761 387 2795; x_wconf 82' lang='lat' dir='ltr'><strong>jun.</strong></span> <span class='ocrx_word' id='word_1_539' title='bbox 409 2760 495 2789; x_wconf 72' lang='lat'><strong><em>1320.</em></strong></span> <span class='ocrx_word' id='word_1_540' title='bbox 667 2755 802 2787; x_wconf 83' lang='grc'><strong>12179.</strong></span> <span class='ocrx_word' id='word_1_541' title='bbox 820 2776 858 2780; x_wconf 95' lang='grc'>-</span> <span class='ocrx_word' id='word_1_542' title='bbox 877 2757 978 2789; x_wconf 86' lang='lat' dir='ltr'><strong>Univ.</strong></span> <span class='ocrx_word' id='word_1_543' title='bbox 996 2758 1085 2788; x_wconf 89' lang='lat' dir='ltr'><strong>etc...</strong></span> <span class='ocrx_word' id='word_1_544' title='bbox 1102 2759 1219 2788; x_wconf 85' lang='lat' dir='ltr'><strong>notum</strong></span> <span class='ocrx_word' id='word_1_545' title='bbox 1234 2756 1270 2787; x_wconf 84' lang='lat' dir='ltr'><strong>fit</strong></span> <span class='ocrx_word' id='word_1_546' title='bbox 1285 2756 1374 2796; x_wconf 89' lang='lat' dir='ltr'><strong>quod</strong></span> <span class='ocrx_word' id='word_1_547' title='bbox 1387 2755 1573 2787; x_wconf 86' lang='lat' dir='ltr'><strong>Bertrando</strong></span> <span class='ocrx_word' id='word_1_548' title='bbox 1589 2754 1779 2785; x_wconf 88' lang='lat' dir='ltr'><strong>vicecomiti</strong></span> <span class='ocrx_word' id='word_1_549' title='bbox 1796 2753 1986 2785; x_wconf 86' lang='lat' dir='ltr'><strong>Leomaniae</strong></span> <span class='ocrx_word' id='word_1_550' title='bbox 2003 2754 2035 2784; x_wconf 93' lang='lat' dir='ltr'><strong>et</strong></span> <span class='ocrx_word' id='word_1_551' title='bbox 2048 2753 2217 2784; x_wconf 86' lang='lat' dir='ltr'><strong>Altivilla-</strong></span> 
     </span>
     <span class='ocr_line' id='line_1_46' title="bbox 279 2804 2215 2851; baseline -0.003 -9"><span class='ocrx_word' id='word_1_552' title='bbox 279 2809 342 2837; x_wconf 79' lang='lat' dir='ltr'>(¹V1</span> <span class='ocrx_word' id='word_1_553' title='bbox 359 2805 417 2834; x_wconf 61' lang='lat'><strong>¹¹⁸¹-</strong></span> <span class='ocrx_word' id='word_1_554' title='bbox 428 2804 495 2842; x_wconf 83' lang='lat' dir='ltr'><strong>jul.)</strong></span> <span class='ocrx_word' id='word_1_555' title='bbox 622 2812 670 2843; x_wconf 88' lang='lat' dir='ltr'><strong>ris</strong></span> <span class='ocrx_word' id='word_1_556' title='bbox 685 2811 886 2851; x_wconf 87' lang='lat' dir='ltr'><strong>prorogatur</strong></span> <span class='ocrx_word' id='word_1_557' title='bbox 902 2810 1071 2841; x_wconf 85' lang='lat' dir='ltr'><strong>terminus</strong></span> <span class='ocrx_word' id='word_1_558' title='bbox 1085 2809 1128 2841; x_wconf 87' lang='lat' dir='ltr'><strong>ad</strong></span> <span class='ocrx_word' id='word_1_559' title='bbox 1143 2808 1406 2848; x_wconf 86' lang='lat' dir='ltr'><strong>comparendum</strong></span> <span class='ocrx_word' id='word_1_560' title='bbox 1421 2817 1532 2839; x_wconf 87' lang='lat' dir='ltr'><strong>coram</strong></span> <span class='ocrx_word' id='word_1_561' title='bbox 1549 2808 1653 2846; x_wconf 88' lang='lat' dir='ltr'><strong>Papa.</strong></span> <span class='ocrx_word' id='word_1_562' title='bbox 1672 2805 1723 2845; x_wconf 88' lang='lat' dir='ltr'><strong>(V.</strong></span> <span class='ocrx_word' id='word_1_563' title='bbox 1738 2808 1786 2845; x_wconf 86' lang='lat'><strong>70,</strong></span> <span class='ocrx_word' id='word_1_564' title='bbox 1805 2815 1856 2846; x_wconf 89' lang='lat' dir='ltr'><strong>ep.</strong></span> <span class='ocrx_word' id='word_1_565' title='bbox 1870 2807 1918 2844; x_wconf 88' lang='lat'><strong>78,</strong></span> <span class='ocrx_word' id='word_1_566' title='bbox 1934 2806 1969 2837; x_wconf 88' lang='lat' dir='ltr'><strong>de</strong></span> <span class='ocrx_word' id='word_1_567' title='bbox 1984 2815 2048 2836; x_wconf 78' lang='lat' dir='ltr'><strong>cur.</strong></span> <span class='ocrx_word' id='word_1_568' title='bbox 2060 2815 2069 2843; x_wconf 83' lang='lat'><em>3</em></span> <span class='ocrx_word' id='word_1_569' title='bbox 2086 2805 2215 2843; x_wconf 84' lang='lat' dir='ltr'><strong>Coulon,</strong></span> 
     </span>
     <span class='ocr_line' id='line_1_47' title="bbox 198 2863 2218 2955; baseline -0.002 -6"><span class='ocrx_word' id='word_1_570' title='bbox 198 2920 230 2954; x_wconf 65' lang='grc' dir='ltr'><strong>ΕΓ</strong></span> <span class='ocrx_word' id='word_1_571' title='bbox 275 2920 312 2949; x_wconf 74' lang='lat'><strong>{8</strong></span> <span class='ocrx_word' id='word_1_572' title='bbox 322 2919 390 2955; x_wconf 73' lang='lat' dir='ltr'><strong>Jun.</strong></span> <span class='ocrx_word' id='word_1_573' title='bbox 411 2919 499 2948; x_wconf 74' lang='lat'><strong><em>1320.</em></strong></span> <span class='ocrx_word' id='word_1_574' title='bbox 623 2863 862 2946; x_wconf 50' lang='grc' dir='ltr'><strong>ῃ.112ῗέἰέ).-</strong></span> <span class='ocrx_word' id='word_1_575' title='bbox 878 2914 1055 2946; x_wconf 82' lang='lat' dir='ltr'><strong>Berlrando</strong></span> <span class='ocrx_word' id='word_1_576' title='bbox 1074 2915 1122 2945; x_wconf 75' lang='lat' dir='ltr'><strong>tit.</strong></span> <span class='ocrx_word' id='word_1_577' title='bbox 1140 2925 1163 2946; x_wconf 87' lang='lat' dir='ltr'><strong>s.</strong></span> <span class='ocrx_word' id='word_1_578' title='bbox 1184 2913 1325 2945; x_wconf 81' lang='lat' dir='ltr'><strong>Marcelli</strong></span> <span class='ocrx_word' id='word_1_579' title='bbox 1343 2913 1446 2954; x_wconf 82' lang='lat' dir='ltr'><strong>presb.</strong></span> <span class='ocrx_word' id='word_1_580' title='bbox 1463 2913 1562 2950; x_wconf 59' lang='lat' dir='ltr'><strong>card„</strong></span> <span class='ocrx_word' id='word_1_581' title='bbox 1586 2913 1628 2944; x_wconf 80' lang='lat' dir='ltr'><strong>A.</strong></span> <span class='ocrx_word' id='word_1_582' title='bbox 1649 2913 1681 2944; x_wconf 83' lang='lat' dir='ltr'><strong>S.</strong></span> <span class='ocrx_word' id='word_1_583' title='bbox 1705 2913 1827 2953; x_wconf 81' lang='lat' dir='ltr'><strong>legato,</strong></span> <span class='ocrx_word' id='word_1_584' title='bbox 1851 2913 1963 2943; x_wconf 87' lang='lat' dir='ltr'><strong>mand.</strong></span> <span class='ocrx_word' id='word_1_585' title='bbox 1981 2913 2018 2944; x_wconf 84' lang='lat' dir='ltr'><strong>ut</strong></span> <span class='ocrx_word' id='word_1_586' title='bbox 2039 2921 2099 2952; x_wconf 87' lang='lat' dir='ltr'><strong>per</strong></span> <span class='ocrx_word' id='word_1_587' title='bbox 2113 2921 2148 2944; x_wconf 86' lang='lat' dir='ltr'><strong>se</strong></span> <span class='ocrx_word' id='word_1_588' title='bbox 2164 2913 2218 2944; x_wconf 84' lang='lat' dir='ltr'><strong>vel</strong></span> 
     </span>
     <span class='ocr_line' id='line_1_48' title="bbox 201 2963 2218 3010; baseline -0.002 -8"><span class='ocrx_word' id='word_1_589' title='bbox 201 2964 264 3000; x_wconf 67' lang='grc' dir='ltr'><strong>ἱὶῑ.</strong></span> <span class='ocrx_word' id='word_1_590' title='bbox 279 2967 342 3001; x_wconf 73' lang='lat' dir='ltr'>(¹1V</span> <span class='ocrx_word' id='word_1_591' title='bbox 358 2963 417 2992; x_wconf 70' lang='lat'>¹¹⁸¹·</span> <span class='ocrx_word' id='word_1_592' title='bbox 430 2963 499 3000; x_wconf 54' lang='lat'><em>5¹¹¹)</em></span> <span class='ocrx_word' id='word_1_593' title='bbox 623 2979 683 3010; x_wconf 90' lang='lat' dir='ltr'><strong>per</strong></span> <span class='ocrx_word' id='word_1_594' title='bbox 699 2969 803 3000; x_wconf 87' lang='lat' dir='ltr'><strong>alium</strong></span> <span class='ocrx_word' id='word_1_595' title='bbox 822 2977 883 3000; x_wconf 85' lang='lat' dir='ltr'><strong>seu</strong></span> <span class='ocrx_word' id='word_1_596' title='bbox 901 2968 989 3000; x_wconf 88' lang='lat' dir='ltr'><strong>alios</strong></span> <span class='ocrx_word' id='word_1_597' title='bbox 1013 2968 1047 2999; x_wconf 92' lang='lat' dir='ltr'><strong>in</strong></span> <span class='ocrx_word' id='word_1_598' title='bbox 1067 2968 1151 2999; x_wconf 90' lang='lat' dir='ltr'><strong>locis</strong></span> <span class='ocrx_word' id='word_1_599' title='bbox 1167 2969 1207 2998; x_wconf 87' lang='lat' dir='ltr'><strong>de</strong></span> <span class='ocrx_word' id='word_1_600' title='bbox 1224 2967 1348 3007; x_wconf 87' lang='lat' dir='ltr'><strong>quibus</strong></span> <span class='ocrx_word' id='word_1_601' title='bbox 1372 2966 1438 2997; x_wconf 87' lang='lat' dir='ltr'><strong>sibi</strong></span> <span class='ocrx_word' id='word_1_602' title='bbox 1462 2966 1632 2997; x_wconf 87' lang='lat' dir='ltr'><strong>videbitur</strong></span> <span class='ocrx_word' id='word_1_603' title='bbox 1656 2965 1756 2997; x_wconf 88' lang='lat' dir='ltr'><strong>faciat</strong></span> <span class='ocrx_word' id='word_1_604' title='bbox 1772 2965 1926 2997; x_wconf 89' lang='lat' dir='ltr'><strong>nunciari</strong></span> <span class='ocrx_word' id='word_1_605' title='bbox 1941 2965 2088 2997; x_wconf 87' lang='lat' dir='ltr'><strong>nobilem</strong></span> <span class='ocrx_word' id='word_1_606' title='bbox 2106 2966 2218 2998; x_wconf 89' lang='lat' dir='ltr'><strong>virum</strong></span> 
     </span>
    </p>
   </div>
   <div class='ocr_carea' id='block_1_13' title="bbox 587 2336 599 3040">
    <p class='ocr_par' dir='ltr' id='par_1_20' title="bbox 587 2336 599 3040">
     <span class='ocr_line' id='line_1_49' title="bbox 587 2336 599 3040; baseline 0 0"><span class='ocrx_word' id='word_1_607' title='bbox 587 2336 599 3040; x_wconf 95' lang='lat' dir='ltr'><strong> </strong></span> 
     </span>
    </p>
   </div>
   <div class='ocr_carea' id='block_1_14' title="bbox 624 3018 2219 3113">
    <p class='ocr_par' dir='ltr' id='par_1_21' title="bbox 624 3018 2219 3113">
     <span class='ocr_line' id='line_1_50' title="bbox 624 3018 2217 3060; baseline -0.002 -6"><span class='ocrx_word' id='word_1_608' title='bbox 624 3022 846 3054; x_wconf 85' lang='lat' dir='ltr'><strong>Passarinum</strong></span> <span class='ocrx_word' id='word_1_609' title='bbox 868 3021 909 3052; x_wconf 87' lang='lat' dir='ltr'><strong>de</strong></span> <span class='ocrx_word' id='word_1_610' title='bbox 927 3021 1064 3052; x_wconf 85' lang='lat' dir='ltr'><strong>Mantua</strong></span> <span class='ocrx_word' id='word_1_611' title='bbox 1083 3021 1141 3060; x_wconf 88' lang='lat' dir='ltr'><strong>qui</strong></span> <span class='ocrx_word' id='word_1_612' title='bbox 1164 3020 1311 3051; x_wconf 85' lang='lat' dir='ltr'><strong>civitatis</strong></span> <span class='ocrx_word' id='word_1_613' title='bbox 1334 3021 1367 3051; x_wconf 91' lang='lat' dir='ltr'><strong>et</strong></span> <span class='ocrx_word' id='word_1_614' title='bbox 1385 3019 1562 3050; x_wconf 82' lang='lat' dir='ltr'><strong>districtus</strong></span> <span class='ocrx_word' id='word_1_615' title='bbox 1584 3019 1729 3050; x_wconf 84' lang='lat' dir='ltr'><strong>Mantuae</strong></span> <span class='ocrx_word' id='word_1_616' title='bbox 1754 3019 1808 3050; x_wconf 83' lang='lat' dir='ltr'><strong>off.</strong></span> <span class='ocrx_word' id='word_1_617' title='bbox 1825 3018 2008 3051; x_wconf 89' lang='lat' dir='ltr'><strong>vicariatus</strong></span> <span class='ocrx_word' id='word_1_618' title='bbox 2035 3021 2112 3059; x_wconf 84' lang='lat' dir='ltr'><strong>post</strong></span> <span class='ocrx_word' id='word_1_619' title='bbox 2135 3019 2217 3051; x_wconf 88' lang='lat' dir='ltr'><strong>obit.</strong></span> 
     </span>
     <span class='ocr_line' id='line_1_51' title="bbox 625 3071 2219 3113; baseline -0.003 -6"><span class='ocrx_word' id='word_1_620' title='bbox 625 3075 764 3107; x_wconf 88' lang='lat' dir='ltr'><strong>Henrici</strong></span> <span class='ocrx_word' id='word_1_621' title='bbox 791 3073 936 3106; x_wconf 90' lang='lat' dir='ltr'><strong>Romani</strong></span> <span class='ocrx_word' id='word_1_622' title='bbox 961 3073 1182 3113; x_wconf 90' lang='lat' dir='ltr'><strong>Imperatoris</strong></span> <span class='ocrx_word' id='word_1_623' title='bbox 1200 3072 1327 3113; x_wconf 86' lang='lat' dir='ltr'><strong>absque</strong></span> <span class='ocrx_word' id='word_1_624' title='bbox 1349 3073 1382 3104; x_wconf 88' lang='lat' dir='ltr'><strong>S.</strong></span> <span class='ocrx_word' id='word_1_625' title='bbox 1406 3073 1447 3103; x_wconf 88' lang='lat' dir='ltr'><strong>A.</strong></span> <span class='ocrx_word' id='word_1_626' title='bbox 1472 3071 1619 3110; x_wconf 89' lang='lat' dir='ltr'><strong>licentia,</strong></span> <span class='ocrx_word' id='word_1_627' title='bbox 1640 3080 1715 3103; x_wconf 88' lang='lat' dir='ltr'><strong>cum</strong></span> <span class='ocrx_word' id='word_1_628' title='bbox 1741 3072 1783 3103; x_wconf 88' lang='lat' dir='ltr'><strong>ad</strong></span> <span class='ocrx_word' id='word_1_629' title='bbox 1802 3080 1877 3104; x_wconf 87' lang='lat' dir='ltr'><strong>eam</strong></span> <span class='ocrx_word' id='word_1_630' title='bbox 1899 3073 2052 3104; x_wconf 89' lang='lat' dir='ltr'><strong>Romano</strong></span> <span class='ocrx_word' id='word_1_631' title='bbox 2075 3072 2219 3113; x_wconf 89' lang='lat' dir='ltr'><strong>imperio</strong></span> 
     </span>
    </p>
   </div>
  </div>
 </body>
</html>
