2566 3562
190 411 295 440 Datum
309 406 490 440 Avem‘one.

230 617 271 646 24
284 617 350 652 jan.
370 617 457 645 1320.

240 666 281 698 (lx
300 663 359 690 kal.
377 662 447 694 feb.)

234 830 272 858 25
283 830 349 864 jan.
370 829 456 857 132⁰.

224 875 292 910 (vni
313 874 371 902 kal.
393 874 463 906 seb.)

234 1574 276 1601 26
285 1573 351 1607 jan.
372 1572 459 1600 1320.

236 1618 292 1654 (vn
312 1617 370 1645 kal.
386 1616 458 1651 feb.)

310 1892 346 1920 Ut
367 1901 390 1919 s.

312 2052 346 2079 [t
367 2061 390 2079 s.

310 2159 346 2186 Ut
366 2167 389 2187 s.

316 2531 349 2559 Ut
370 2540 393 2560 s.

213 2720 217 2723 ,
241 2690 282 2718 27
291 2690 466 2725 jan.„4320.

250 2735 293 2771 (vr
309 2735 366 2762 kal.
384 2734 453 2767 feb.)

263 2780 294 2807 T.
315 2779 361 2813 XI,
377 2779 449 2806 xm.

312 2902 349 2930 Ut
374 2911 397 2930 s,
424 2935 427 2937 ¹

254 2947 285 2974 Τ.
303 2947 363 2981 xll,
381 2947 450 2974 xlv.

552 318 726 350 JOANNIS
749 317 867 348 PAPAE
889 318 991 348 XXII.
1016 319 1264 356 (1316-1334).
1287 336 1326 340 -
1348 317 1534 348 LITTERAE
1558 317 1782 349 COMMUNES
2147 321 2188 351 59

585 511 742 551 Augunio
761 519 865 550 prope
892 510 1083 542 Montilium
1103 510 1290 548 Adzmarii‚
1309 510 1482 542 Valentin.
1502 511 1561 548 di.,
1583 520 1621 542 ac
1640 511 1802 542 Tolonen.
1826 512 1859 543 et
1879 512 2080 544 Tricastrin.
2105 521 2188 553 prae-

585 565 709 603 positis
722 563 803 594 eccl.
821 564 873 601 (A.
894 566 943 597 13,
970 564 992 595 f.
1013 565 1069 594 431
1090 563 1119 600 ¹13
1145 563 1178 593 V.
1195 565 1244 600 70,
1265 573 1318 602 ep.
1338 563 1442 602 1035.)

630 614 765 645 10932.
788 635 826 640 -
842 616 875 646 E
874 626 927 656 μυ
945 615 1216 656 (Imperator-atem,
1235 622 1264 646 ec
1288 616 1400 646 decano
1423 616 1663 656 Montisreqalis‚
1682 617 1903 648 Carcassonen.
1921 618 1965 649 di.
1970 641 1980 656 ,
1998 629 2033 649 ac
2050 619 2185 650 thesaur.

584 670 778 700 Suessionen.
797 657 881 705 ecc'l„
903 670 1015 700 mand.
1040 672 1077 700 ut
1096 670 1220 700 faciant
1238 669 1343 708 recipi
1365 678 1454 708 mag.
1473 670 1610 700 Petrum
1627 670 1667 700 de
1683 679 1709 700 s.
1725 670 1850 702 Milone
1867 671 2108 711 chirurgicum,
2127 672 2189 703 lai—

585 732 660 754 cum
679 723 817 755 Oloren.
837 723 897 759 di.,
911 723 946 752 in
965 722 1068 753 fratre
1084 722 1297 753 deserviente
1323 722 1491 760 hospitale
1510 731 1536 752 s.
1556 723 1674 753 Jacobi
1696 724 1920 763 Burdegalen.
1939 724 2054 762 (Α.13,
2070 725 2093 756 f.
2107 726 2186 762 3953

591 776 624 806 V.
652 777 703 813 70,
716 784 769 815 ep.
784 776 888 810 1048.)
1364 810 1370 815 ,

631 826 766 858 10933.
789 845 823 850 -
854 827 1016 859 Guillelmo
1046 827 1082 858 de
1105 827 1262 863 Garnello,
1279 836 1351 866 cap.
1370 828 1549 858 Bertrandi
1565 837 1592 858 s.
1611 829 1764 859 Marcelli
1781 829 1893 868 presb.
1914 831 2004 861 card.
2025 830 2185 870 supplic„

585 882 698 912 collat.
718 889 835 911 canon.
849 879 886 911 ⁴et
902 880 1005 919 proeb.
1020 881 1101 911 eccl.
1118 881 1319 919 Lingonen.,
1335 889 1406 911 vac.
1423 889 1483 919 per
1496 880 1578 911 obit.
1596 881 1834 913 Bartholomaei
1849 882 1889 913 de
1905 882 2134 914 Archionibus
2147 883 2188 914 de

586 934 688 969 Urbe,
708 935 742 965 S.
766 935 806 964 A.
827 942 918 972 cap.;
936 934 1014 964 licet
1027 934 1177 964 Joannes
1194 934 1232 963 de
1249 933 1502 972 Chassenhayo,
1522 933 1593 964 sive
1612 934 1652 964 de
1669 933 1879 972 Chasselhio,
1909 935 2002 966 eosd.
2021 944 2139 967 canon.
2157 937 2190 967 et

585 987 688 1030 praeb.
707 988 747 1018 de
766 988 853 1018 facto
870 987 1020 1018 detinere
1037 986 1180 1023 dicatur,
1207 988 1264 1016 aut
1280 986 1368 1025 quod
1383 986 1429 1017 id.
1450 986 1658 1017 Guillelmus
1675 987 1811 1026 paroch.
1830 988 1914 1019 eccl.
1930 988 2190 1028 Nigraepelliciae

587 1044 620 1072 et
630 1040 851 1072 medietatem
864 1040 968 1070 trium
984 1039 1132 1079 partium
1143 1040 1354 1070 decimarum
1372 1040 1452 1070 eccl.
1469 1048 1496 1070 s.
1513 1040 1676 1076 Amantii,
1695 1040 1872 1071 Caturcen.
1890 1043 1923 1072 et
1939 1042 2112 1081 Agennen.
2130 1042 2188 1079 di.,

587 1093 749 1125 obtineat.
769 1109 806 1115 —
823 1093 850 1124 1.
867 1102 895 1124 e.
915 1101 961 1123 m.
982 1092 1058 1123 abb.
1077 1094 1222 1124 monast.
1241 1093 1282 1123 de
1297 1101 1324 1123 s.
1344 1092 1485 1129 Secano,
1504 1092 1691 1132 Lingonen.
1717 1093 1777 1130 di.,
1796 1095 1828 1124 et
1844 1094 2014 1133 Stephano
2031 1095 2188 1134 Ugoneti,

588 1146 722 1182 Albien‚
740 1155 778 1177 ac
793 1147 894 1177 Petro
909 1146 949 1176 de
966 1145 1161 1182 Rofinhaco,
1181 1145 1391 1176 Auralianen
1408 1146 1488 1176 eccl.
1507 1154 1580 1176 can.
1599 1146 1649 1183 (A.
1671 1148 1718 1182 13,
1737 1146 1759 1176 f.
1777 1147 1835 1176 184
1853 1146 1886 1182 ¹³;
1909 1147 1946 1178 V.
1963 1148 2013 1184 70,
2032 1156 2084 1186 ep.
2104 1149 2190 1186 436.)

633 1196 767 1228 10934.
788 1217 827 1222 -
842 1198 1007 1239 Arckiep.o
1021 1198 1176 1230 Biszmein.
1194 1199 1309 1229 mand.
1326 1200 1363 1229 ut
1376 1199 1552 1230 confirmet
1567 1199 1821 1230 concessionem
1837 1208 1897 1239 per
1911 1200 2114 1237 Gerardum‚
2128 1201 2191 1232 Ba-

589 1253 703 1283 silien.
720 1261 846 1292 ep.um,
867 1252 989 1282 factam
1007 1252 1040 1282 in
1061 1251 1176 1282 favore
1196 1260 1228 1282 n.
1248 1260 1279 1282 V.
1297 1251 1444 1283 Wolrici
1459 1251 1594 1282 comitis
1615 1252 1833 1283 Ferretarum
1850 1253 1930 1284 eccl.
1945 1253 2098 1284 Basilien
2117 1261 2192 1284 vas-

588 1306 678 1342 salli,
696 1314 756 1345 per
780 1313 882 1345 quam
907 1305 986 1336 filiae
1003 1314 1046 1336 ex
1064 1305 1138 1335 eod.
1162 1305 1284 1336 comite
1306 1306 1338 1336 et
1354 1305 1487 1336 Joanna
1505 1305 1545 1336 de
1562 1305 1815 1336 Montebiliardi
1831 1306 1942 1345 ipsius
1960 1306 2100 1346 conJ‘uge
2117 1315 2193 1346 pro-

588 1359 787 1397 creataefivel
816 1359 1030 1398 procreandae
1056 1358 1091 1388 in
1113 1358 1272 1389 omnibus
1299 1358 1411 1390 feudis
1427 1367 1501 1397 quae
1530 1367 1549 1389 a
1567 1358 1708 1397 praefata
1726 1358 1854 1390 obtinet
1870 1359 1951 1390 eccl.
1972 1359 2061 1390 dicto
2075 1359 2192 1390 comiti

589 1413 769 1443 succedere
796 1412 941 1443 valeant.
960 1412 1012 1442 Ad
1033 1412 1157 1442 calcem
1175 1411 1347 1451 privilegii
1364 1412 1553 1442 confirmati
1569 1411 1759 1443 invenitur:
1781 1412 1907 1443 Datum
1924 1412 1959 1443 in
1977 1413 2061 1443 villa
2077 1414 2192 1443 nostra

588 1466 781 1500 Delemont.
808 1465 894 1496 feria
907 1465 1009 1496 tertia
1025 1465 1181 1504 proxima
1197 1467 1275 1496 ante
1297 1465 1543 1496 Ascensionem
1569 1465 1719 1501 Domini,
1744 1473 1861 1496 mense
1886 1466 1980 1502 maii,
2005 1474 2092 1496 anno
2109 1466 2191 1497 D.ni

591 1519 679 1550 1318.
697 1519 748 1557 (A.
765 1520 814 1555 13,
833 1518 857 1549 f.
874 1519 958 1554 3273
984 1517 1016 1548 V.
1035 1520 1084 1555 70,
1103 1527 1154 1557 ep.
1173 1518 1263 1557 583.)

636 1569 771 1601 10935.
789 1590 828 1595 -—
837 1571 915 1602 Abb.
930 1575 1059 1601 monast.
1073 1571 1111 1602 de
1122 1571 1153 1601 Ε
1155 1571 1284 1605 veslzam,
1297 1570 1486 1611 Wiqorm'en.
1498 1570 1554 1608 di.,
1565 1576 1592 1601 et
1603 1571 1722 1602 archid.
1733 1571 1972 1612 Northampton,
1984 1571 2190 1607 Lincolm’en„

590 1636 626 1656 ac
652 1626 745 1656 Petro
773 1624 882 1660 Ferro,
911 1635 980 1655 can.
1008 1624 1239 1655 Autisiodoren.
1258 1623 1342 1662 eccl,
1358 1625 1472 1655 mand.
1490 1626 1526 1655 ut
1542 1624 1708 1656 Thomam
1725 1627 1843 1656 natum
1857 1625 2014 1657 Riccardi
2033 1625 2191 1663 Talebac,

590 1679 716 1719 presb„
735 1679 769 1709 in
783 1678 1036 1718 possessionem
1051 1678 1131 1709 eccl.
1149 1678 1285 1717 paroch.
1299 1678 1340 1708 de
1353 1678 1528 1715 Laxefeld‚
1543 1678 1737 1709 Norwicen.
1752 1678 1810 1715 di.,
1828 1678 1959 1718 ingredi
1974 1678 2109 1715 faciant,
2125 1687 2192 1710 non

591 1733 677 1764 obst.
695 1733 785 1772 quod
801 1732 893 1771 Papa
910 1732 1033 1763 Joa-nni
1050 1732 1089 1762 de
1107 1731 1212 1762 Brunl
1231 1731 1271 1762 de
1287 1731 1377 1762 dicta
1397 1731 1477 1762 eccl.
1496 1740 1556 1770 per
1573 1739 1653 1762 suas
1669 1731 1802 1762 litteras
1819 1732 2039 1771 providisset,
2060 1732 2118 1771 qui
2137 1740 2191 1762 an·

590 1789 727 1825 tequam
744 1789 834 1816 esset
850 1785 1028 1816 ecclesiam
1046 1784 1242 1823 praedictam
1258 1785 1400 1823 adeptus
1417 1785 1605 1824 regularem
1621 1784 1774 1815 habitum
1790 1785 1824 1815 S.
1842 1785 2025 1824 Augustini
2039 1793 2192 1824 assump-

591 1839 635 1870 sit
652 1841 684 1870 et
702 1839 948 1878 professionem
966 1838 1000 1868 in
1016 1847 1055 1869 eo
1073 1838 1152 1869 fecit
1170 1846 1379 1876 expressam.
1397 1837 1452 1878 (V.
1468 1839 1518 1872 70,
1535 1846 1587 1877 ep.
1608 1838 1695 1877 585.)

636 1889 770 1921 10936.
792 1910 830 1915 -
846 1891 966 1921 Decano
982 1896 1010 1921 et
1026 1891 1118 1931 capit.
1134 1890 1207 1921 eccl.
1223 1890 1430 1930 Heresorden.
1447 1891 1559 1922 mand.
1574 1893 1610 1922 ut
1624 1891 1742 1921 uniant
1757 1891 1935 1923 ecclesiam
1946 1892 1986 1922 de
2002 1890 2194 1930 Scemgfeld

591 1945 729 1984 capellae
744 1945 784 1976 de
801 1944 1007 1980 Swallefeld,
1025 1943 1250 1975 Saresbirien.
1268 1944 1328 1981 di.,
1351 1944 1482 1975 ratione
1501 1944 1762 1975 restaurationis
1781 1943 1916 1975 fabricae
1934 1944 2015 1975 eccl.
2033 1944 2191 1975 Herefor-

591 1999 668 2029 den.
692 1998 748 2038 (V.
770 1999 820 2034 70,
840 2006 893 2038 ep.
911 1998 999 2037 586.)

638 2049 772 2080 10937.
793 2069 829 2074 -
846 2051 978 2090 Indulg.
997 2060 1036 2080 Lx
1051 2051 1184 2081 dierum
1198 2059 1290 2081 conc.
1302 2050 1373 2080 illis
1387 2050 1443 2090 qui
1458 2050 1499 2080 ad
1513 2049 1676 2081 fabricam
1685 2051 1853 2090 praedictae
1863 2051 1940 2081 eccl.
1954 2050 2191 2087 Hereforden.,

592 2114 666 2145 quae
684 2105 836 2144 reparari
852 2114 870 2135 a
887 2104 1119 2135 fundamentis
1135 2104 1276 2143 indiget,
1294 2104 1530 2143 eleemosynas
1549 2104 1771 2143 erogaverint.
1788 2103 1842 2142 (V.
1862 2105 1911 2140 70,
1934 2112 1986 2142 ep.
2007 2103 2094 2143 587.)

638 2155 773 2187 10938.
792 2175 831 2180 -
857 2157 932 2188 Adae
958 2166 1027 2198 ep.o
1045 2157 1249 2197 Hereforden.
1276 2157 1390 2188 mand.
1411 2158 1448 2187 ut
1477 2157 1587 2196 possit
1600 2157 1754 2188 conferre
1770 2157 1830 2187 hac
1846 2157 1918 2187 vice
1935 2156 2115 2188 archidiac.
2135 2156 2191 2187 Sa-

592 2212 743 2251 lopsiriae
770 2212 805 2242 in
825 2211 905 2242 eccl.
932 2210 1170 2248 Hereforden.,
1194 2219 1255 2250 per
1278 2210 1544 2250 resignationem
1561 2220 1579 2240 a
1597 2210 1749 2241 Johanne
1766 2210 1806 2240 de
1822 2210 1892 2242 Ros
1908 2210 2037 2241 ratione
2054 2210 2192 2240 constit.

593 2274 695 2304 super
713 2265 837 2303 plural.
855 2264 963 2295 benef.
994 2264 1116 2294 factam
1132 2272 1216 2300 vac,
1238 2266 1269 2294 et
1287 2263 1395 2294 adhuc
1411 2272 1484 2294 vac.
1501 2272 1543 2294 ex
1561 2272 1599 2294 eo
1617 2264 1706 2302 quod
1724 2263 1932 2294 Guillelmus
1946 2263 2039 2293 filius
2058 2262 2195 2294 Thomae

592 2319 624 2350 le
655 2319 798 2350 Mercier
824 2319 864 2349 de
891 2319 972 2351 Ros,
996 2318 1144 2348 decanus
1171 2317 1211 2348 de
1233 2317 1446 2351 Donwicen„
1466 2317 1656 2348 Norwicen.
1687 2317 1746 2352 di.,
1771 2318 1804 2347 et
1826 2319 1935 2347 rector
1958 2316 2037 2347 eccl.
2058 2315 2193 2355 paroch.

593 2372 827 2404 Dehentonen.
847 2380 874 2401 s.
893 2371 1042 2410 Georgii,
1063 2371 1237 2401 Batonien.
1256 2370 1316 2405 di.,
1330 2370 1522 2401 obtinuerat
1536 2370 1712 2409 praefatum
1730 2370 1924 2406 archidiac„
1941 2369 2112 2400 mentione
2128 2377 2195 2399 non

594 2425 682 2456 facta
703 2426 887 2456 decanatus
904 2424 1077 2464 praedicti3
1097 2432 1162 2454 non
1183 2423 1337 2454 obstante
1352 2423 1580 2463 appellatione
1596 2423 1685 2453 facta
1700 2432 1812 2454 coram
1828 2422 1997 2461 Stephano
2021 2421 2195 2461 Hugoneti

594 2487 666 2510 can.
686 2478 873 2514 Mimaten.‚
898 2486 970 2516 cap.
999 2477 1079 2514 PP„
1112 2477 1231 2516 palatii
1258 2478 1368 2516 apost.
1400 2476 1554 2507 auditore
1573 2485 1762 2507 causarum.
1784 2475 1838 2514 (V.
1856 2477 1906 2512 70,
1923 2484 1975 2514 ep.
1993 2474 2080 2514 770.)

639 2529 774 2560 10939.
804 2548 843 2553 -—
868 2530 1020 2571 Philippo
1048 2530 1114 2570 reyi
1130 2530 1322 2560 Francorum
1342 2530 1454 2560 mand.
1472 2531 1508 2560 ut
1523 2529 1745 2561 Guillelmum
1763 2528 1845 2559 olim
1864 2528 2049 2568 Lingonen.
2066 2536 2194 2566 ep.um,

598 2585 632 2616 in
653 2584 861 2624 archiep.um
880 2584 1125 2623 Rothomagen.
1144 2583 1352 2623 praefectum,
1369 2585 1445 2622 post
1464 2582 1543 2613 obit.
1561 2582 1701 2622 AEgidii,
1719 2583 1752 2612 et
1770 2582 1850 2612 eccl.
1872 2590 1969 2612 suam
1985 2581 2195 2611 commenda-

594 2639 648 2669 tos
666 2637 798 2668 habeat.
816 2636 868 2678 (V.
888 2638 938 2671 70,
957 2646 1008 2676 ep.
1030 2637 1134 2675 1558.)

642 2687 778 2720 10940.
794 2707 832 2713 -—
845 2690 959 2721 Joanni
976 2689 1142 2724 Ber-nardi,
1161 2689 1284 2720 rectori
1300 2688 1436 2728 paroch.
1457 2688 1537 2719 eccl.
1557 2688 1596 2718 de
1615 2687 1797 2724 Belloloco,
1814 2687 1983 2718 Turonen.
2002 2686 2061 2722 di.,
2079 2685 2192 2717 collat.

596 2751 715 2775 canon.
734 2743 814 2774 eccl.
830 2752 857 2774 s.
871 2743 1011 2774 Maximi
1023 2743 1063 2773 de
1077 2743 1248 2782 Caynone‚
1262 2741 1359 2772 dictae
1372 2741 1432 2775 di.,
1450 2741 1513 2772 sub
1531 2749 1626 2779 exsp.
1642 2739 1743 2779 praeb.
1758 2757 1795 2761 —
1807 2739 1833 2770 1.
1850 2748 1879 2770 e.
1895 2747 1939 2770 m.
1958 2738 2033 2770 abb.
2047 2740 2195 2770 monast.

596 2796 751 2828 Belliloci
770 2795 892 2827 subtus
915 2796 1057 2833 Lochas,
1083 2798 1116 2827 et
1131 2795 1238 2835 priori
1263 2803 1300 2825 ac
1325 2796 1412 2825 cant.
1431 2794 1544 2825 saecul.
1562 2793 1642 2824 eccl.
1661 2793 1698 2823 B.
1723 2792 1767 2823 M.
1786 2791 1942 2838 Lochen.,
1961 2792 2130 2823 Turonen.
2149 2792 2196 2823 di.

598 2850 650 2888 (Α.
667 2850 716 2883 13,
734 2848 757 2879 f.
774 2850 849 2884 2613
875 2847 908 2880 V.
929 2850 980 2886 70,
998 2858 1050 2888 ep.
1069 2848 1158 2885 457.)
2058 2850 2059 2853 ’

643 2899 778 2930 10941.
798 2918 836 2924 -
856 2901 1001 2942 Philippo
1018 2901 1053 2932 de
1082 2900 1240 2932 Meleduno
1258 2900 1346 2931 conf.
1365 2899 1614 2931 suhdecanatus
1635 2898 1714 2928 eccl.
1735 2897 1904 2936 Bajocen.,
1932 2906 2032 2937 quem
2054 2899 2194 2930 Bernar-

598 2955 662 2986 dus
689 2955 729 2986 de
746 2955 845 2986 'Senis
861 2954 959 2993 juxta
976 2954 1111 2985 constit.
1140 2962 1242 2993 super
1259 2953 1382 2993 plural.
1408 2951 1518 2983 benef.
1540 2951 1688 2985 dimisit;
1707 2950 1861 2990 sequitur
1877 2950 2026 2990 dispens.
2047 2953 2084 2982 ut
2099 2951 2198 2982 illum

598 3017 666 3039 una
682 3016 757 3039 cum
776 3008 881 3047 dign.‚
902 3009 1086 3047 personatu
1108 3016 1167 3038 seu
1188 3006 1242 3038 off.
1261 3005 1351 3045 quod
1367 3005 1403 3036 in
1425 3005 1507 3036 eccl.
1530 3004 1709 3035 Garnoten.
1727 3005 1912 3043 exspectat,
1929 3003 2020 3035 licite
2041 3005 2196 3036 retineat.
