2566 3562
375 318 435 349 202

408 405 510 433 Datum
529 398 710 433 Avenione.

452 504 491 532 26
507 508 560 532 oct.
581 502 668 531 1320.

450 553 505 584 (vu
519 548 578 576 kal.
597 546 676 579 nov.)

476 593 507 620 T.
527 593 559 626 X,
578 592 636 619 XII.

519 663 554 691 Ut
572 671 595 690 s.

479 707 511 735 T.
528 708 560 741 x,
580 707 638 734 xn.

516 823 552 851 Ut
578 831 602 850 s.

457 868 487 895 T.
505 868 576 902 XIV,
591 867 660 895 XVI.

523 1088 559 1116 Ut
577 1096 600 1116 s.

462 1133 493 1160 T.
514 1133 560 1167 XI,
581 1133 652 1160 XIII.

520 1354 557 1381 Ut
572 1362 594 1381 s.

469 1399 499 1425 T.
518 1399 564 1432 xl,
579 1398 650 1425 xm.

446 1566 484 1593 27
506 1569 558 1594 oct.
585 1566 668 1594 1320.

447 1612 490 1644 (vi
509 1611 568 1638 kal.
588 1611 667 1646 nov.)

453 1655 483 1682 T.
501 1656 570 1689 XIV,
586 1656 655 1683 XVI.

518 2047 553 2074 Ut
566 2055 588 2074 s.

450 2091 479 2118 T.
499 2091 571 2125 XIV,
588 2092 657 2119 XVI.

510 2206 547 2234 Ut
572 2215 595 2234 S.

453 2251 482 2277 T.
502 2251 560 2285 XII,
579 2251 648 2278 XIV.

513 2526 549 2554 Ut
566 2535 590 2554 s.

448 2570 478 2597 T.
497 2571 568 2605 XIV,
584 2571 654 2598 XVI.

775 312 949 344 JOANNIS
973 311 1091 343 PAPAE
1113 311 1215 342 XXII.
1239 312 1489 350 (1816-1334).
1512 328 1551 334 —
1574 310 1760 342 LITTERAE
1782 309 2007 342 COMMUNES

848 497 982 530 12519.
1000 518 1037 524 -
1053 499 1171 531 loanni
1194 499 1232 531 de
1255 499 1425 531 Sconowen
1449 507 1544 540 prov.
1570 507 1688 531 canon.
1710 497 1774 530 sub
1793 506 1888 539 exsp.
1908 497 2012 539 praeb.
2033 497 2113 530 eccl.
2131 498 2171 530 B.
2188 497 2234 530 M.
2255 497 2401 538 Aquen..

803 554 963 586 Leodien.
982 553 1028 585 di.
1047 571 1084 577 ——
1099 554 1126 585 I.
1145 562 1174 585 e.
1194 562 1239 585 m.
1262 562 1291 585 s.
1308 553 1468 594 Dionysii
1490 552 1649 584 Leodien.
1666 553 1700 584 et
1717 553 1755 584 B.
1773 552 1819 584 M.
1836 551 2038 592 Trajecten..
2054 551 2216 584 Leodien.
2231 550 2292 588 di..
2308 549 2400 582 deca-

802 607 868 645 nis,
887 615 925 638 66
940 607 1076 639 scolast.
1094 606 1344 647 Petragoricen.
1362 606 1443 638 eccl.
1465 605 1518 644 (A.
1534 607 1584 644 14,
1599 605 1622 637 f.
1642 606 1699 638 107
1712 610 1744 642 ⁸3
1766 604 1800 636 V.
1818 606 1870 643 71,
1887 613 1940 645 ep.
1958 604 2042 643 108).

849 657 983 690 12520.
999 678 1039 684 -
1053 660 1210 701 Raynerio
1225 659 1262 691 de
1277 659 1444 691 Sconowen
1461 659 1536 691 ead.
1551 659 1660 700 gratia
1673 659 1708 690 in
1721 658 1802 690 eccl.
1815 667 1844 690 s.
1859 658 2006 690 Servatii
2019 657 2221 699 Trajecten„
2238 656 2400 689 Leodien.

802 714 849 744 di.
864 730 903 735 —
918 714 945 745 1.
962 722 991 745 e.
1007 722 1052 745 m.
1069 722 1097 745 s.
1116 713 1276 754 Dionysii
1292 713 1453 745 Leodien.
1471 713 1504 744 et
1520 712 1559 745 B.
1572 712 1618 744 M.
1631 712 1672 744 de
1688 711 1797 753 Aquis
1811 711 1930 750 Grani,
1945 710 2106 744 Leodien.
2122 710 2184 749 di.,
2198 709 2348 748 decanis,
2363 717 2402 742 ac

803 767 940 799 scolast.
959 767 1208 807 petragoricen.
1226 766 1306 798 eccl.
1325 766 1377 805 (A.
1394 768 1444 804 14,
1462 766 1482 797 f.
1502 767 1560 798 107
1576 765 1607 804 ”3
1633 765 1666 798 V.
1684 767 1734 803 71,
1751 773 1804 806 ep.
1823 766 1907 804 109.)

849 817 984 850 12521.
1001 837 1040 843 -
1065 819 1203 852 Ger-ardo
1225 819 1263 850 de
1286 819 1464 856 Sconowen,
1492 827 1565 851 can.
1593 818 1740 859 praeben.
1763 818 1844 851 6661.
1861 819 1899 850 Β.
1923 817 1969 850 Μ.
1995 818 2140 858 Aquen.‚
2164 816 2325 849 Leodien.
2341 816 2404 854 di.,

802 882 896 914 prov.
915 882 1034 905 canon.
1051 873 1115 905 sub
1129 881 1226 914 exsp.
1242 872 1345 913 praeb.
1362 881 1400 904 ac
1415 873 1506 913 dign.
1527 874 1588 904 seu
1611 873 1815 912 personatus
1829 871 1909 903 eccl.
1930 871 2091 904 Leodien.
2108 878 2170 902 seu
2185 869 2240 902 off.
2257 879 2286 902 c.
2303 878 2331 902 c.
2348 869 2403 902 vel

803 935 831 958 s.
846 935 888 962 6.,
910 936 987 958 cum
1004 926 1210 967 obligatione
1234 927 1434 958 decanatum
1456 935 1485 957 6.
1508 935 1536 957 6.
1555 925 1590 957 16
1607 925 1688 957 6661.
1709 934 1736 957 s.
1761 925 1909 958 Servatii
1933 924 2121 965 Trajecten.
2142 923 2348 956 dimittendi.
2363 940 2402 948 —

802 980 830 1011 Ι.
849 989 878 1011 6.
894 989 941 1012 ιιι.
960 980 994 1012 S.
1012 981 1057 1012 M.
1081 981 1121 1011 de
1139 980 1249 1020 Aquis
1262 980 1380 1018 Grani,
1398 981 1431 1011 et
1449 980 1487 1011 Β.
1505 979 1550 1011 M.
1567 979 1770 1019 Trajecten.,
1787 978 1947 1011 Leodien.
1965 978 2025 1016 di.,
2041 977 2192 1013 decanis,
2209 985 2248 1009 ac
2265 975 2400 1010 scolast.

801 1033 1050 1073 Petragoricen.
1068 1033 1148 1065 eccl.
1168 1033 1221 1072 (A.
1239 1035 1290 1071 14,
1307 1033 1328 1065 f.
1348 1034 1405 1064 107
1421 1032 1453 1069 Β,
1474 1032 1507 1063 V.
1525 1034 1576 1068 71,
1591 1041 1643 1072 ep.
1661 1032 1747 1072 110.)

848 1084 982 1116 12522.
998 1105 1036 1110 -
1054 1086 1186 1118 oliverio
1200 1086 1237 1118 de
1255 1086 1413 1127 Burqueto
1423 1094 1518 1126 prov,
1534 1086 1703 1126 perpetuae
1717 1084 1852 1117 vicariae
1864 1093 1894 1116 c.
1912 1093 1941 1116 c.
1955 1084 2035 1117 eccl.
2050 1093 2079 1116 s.
2093 1083 2222 1125 AEgidii
2233 1083 2275 1116 de
2289 1082 2405 1116 Ambi-

801 1139 882 1179 leto,
901 1139 1036 1171 Albien.
1051 1140 1111 1177 di.,
1128 1149 1188 1180 per
1205 1139 1454 1171 assecutionem
1472 1148 1491 1170 a
1505 1138 1690 1171 Guillelmo
1706 1138 1834 1170 Amelii
1849 1137 1972 1170 factam
1985 1137 2026 1169 de
2041 1137 2192 1170 cantoria
2205 1136 2286 1169 eccl.
2302 1136 2404 1169 Elbo·

801 1201 872 1224 ren.
896 1193 964 1232 ipsi
982 1202 1042 1232 per
1058 1193 1186 1233 Papam
1209 1193 1333 1224 collata
1350 1201 1422 1224 vac.
1449 1209 1487 1214 -
1509 1193 1536 1223 I.
1558 1201 1586 1224 e.
1608 1200 1653 1223 m.
1677 1201 1781 1232 praep.
1802 1191 2020 1229 Avinionen.,
2042 1191 2075 1223 et
2090 1190 2228 1223 Raterio
2243 1190 2285 1223 de
2303 1190 2404 1223 Mira·

800 1247 926 1282 monte,
945 1246 1094 1284 Aibien„
1122 1255 1159 1277 ac
1175 1246 1362 1277 Bertrando
1377 1246 1418 1277 de
1435 1254 1464 1277 s,
1481 1245 1642 1282 Genesio‚
1658 1254 1732 1276 can.
1755 1245 1988 1285 Engolismen.
2007 1244 2089 1276 eccl.
2109 1244 2161 1283 (A.
2181 1246 2232 1282 14,
2248 1243 2271 1276 f.
2291 1245 2352 1276 252
2370 1249 2401 1282 ⁸3

806 1299 841 1331 V.
860 1301 910 1336 71,
931 1308 983 1338 ep.
999 1301 1068 1331 330.
1073 1299 1084 1338 )

846 1349 980 1381 12523.
995 1352 1169 1384 —Collat.
1184 1352 1265 1383 6661.
1281 1352 1322 1383 (16
1337 1351 1578 1389 Talhacanato,
1595 1351 1756 1383 Vasaten.
1775 1351 1834 1389 di.,
1850 1360 1922 1383 vac.
1941 1359 2002 1391 per
2014 1350 2097 1383 obit.
2110 1317 2289 1383 Guillelmi
2303 1350 2404 1383 Ama·

800 1405 887 1436 nerii
904 1406 944 1437 de
959 1406 1098 1437 Jorveto
1116 1406 1205 1445 apud
1221 1405 1255 1437 S.
1274 1405 1330 1443 A.,
1352 1405 1470 1436 loanni
1491 1405 1529 1436 de
1551 1405 1730 1446 Domenqia.
1749 1423 1787 1427 —
1801 1405 1828 1436 I.
1846 1413 1876 1436 e.
1893 1413 1938 1436 m.
1955 1413 2008 1445 ep.
2012 1413 2032 1436 o
2056 1404 2349 1445 carpentoraten.
2369 1404 2403 1436 et

800 1459 925 1490 archid.
943 1459 1095 1491 Redden.
1110 1458 1316 1496 Narbonen„
1332 1467 1369 1490 66
1382 1468 1470 1499 mag.
1488 1459 1589 1491 Petro
1605 1459 1646 1490 de
1660 1459 1842 1499 Nogareto,
1856 1467 1929 1490 can.
1944 1457 2168 1499 Burdegalen.
2183 1457 2264 1490 eccl.
2280 1457 2335 1499 (A.
2351 1458 2400 1495 14,

799 1513 820 1543 t'.
838 1513 897 1544 285
913 1512 948 1549 b;
973 1512 1009 1543 V.
1026 1514 1076 1550 71,
1098 1521 1151 1552 ep.
1169 1511 1256 1553 465.)

845 1563 979 1595 12524.
998 1583 1037 1588 -
1055 1566 1149 1596 Petro
1167 1565 1308 1603 Martini,
1327 1566 1408 1597 cler.
1433 1566 1549 1597 Mariae
1571 1566 1726 1598 Castellae
1748 1567 1781 1597 et
1803 1564 1963 1606 Legionis
1982 1565 2108 1606 reginae
2127 1564 2286 1605 supplic.‚
2305 1572 2400 1604 prov.

799 1628 916 1650 canon.
943 1619 1007 1650 sub
1033 1628 1128 1659 exsp.
1155 1619 1258 1659 praeb.
1285 1628 1360 1650 cuni
1380 1619 1626 1659 praestimoniis
1649 1619 1729 1651 eccl.
1753 1619 1995 1655 Salamantin.;
2020 1619 2220 1659 perpetuam
2239 1617 2401 1650 vicariam

798 1673 922 1704 Sonen.
950 1682 1026 1704 cum
1050 1672 1183 1704 duobus
1207 1673 1453 1712 praestimoniis
1474 1672 1742 1704 consistentibus
1760 1673 1794 1704 16
1819 1672 2018 1704 Carazuello
2043 1673 2077 1704 et
2093 1672 2130 1703 in
2155 1670 2399 1709 Fuenteceaha,

798 1727 966 1758 oxonien.
983 1727 1043 1764 di.,
1063 1735 1100 1758 ac
1116 1735 1143 1758 s.
1161 1726 1342 1758 Trinitatis
1357 1726 1449 1758 villae
1464 1727 1598 1762 Sonen..
1616 1735 1646 1757 s.
1663 1726 1756 1758 Petri
1773 1726 1814 1757 de
1829 1726 1986 1766 Bogigas,
2002 1734 2032 1757 s.
2048 1724 2210 1766 Stephani
2225 1725 2267 1757 de
2279 1724 2402 1757 Fonto·

797 1780 849 1810 ria
865 1781 906 1811 de
920 1780 1128 1812 Valdatados
1139 1781 1171 1811 et
1187 1789 1215 1812 s.
1233 1780 1413 1811 Trinitatis
1429 1780 1519 1811 villae
1534 1781 1657 1812 Roten.
1678 1779 1815 1820 paroch.
1830 1780 1912 1811 eccl.
1926 1778 2211 1819 praestimoniales
2226 1778 2400 1819 portiones

798 1833 969 1864 dimittere
992 1835 1143 1871 tenetur3
1171 1833 1316 1865 retineat
1332 1835 1445 1865 autern
1461 1833 1627 1874 integram
1643 1834 1679 1865 in
1694 1834 1862 1871 Toletan.,
1881 1834 1914 1864 et
1932 1833 1968 1864 in
1983 1832 2131 1873 Ispalen.
2151 1841 2189 1864 ac
2207 1831 2398 1864 Corduben.

797 1887 878 1918 eccl.
895 1896 972 1918 cum
983 1887 1215 1926 praestimofflo
1231 1888 1290 1919 100
1304 1887 1595 1918 marabotinorum
1608 1895 1701 1927 perp.
1719 1887 1881 1918 dimidias
1891 1886 2076 1927 portiones.
2094 1885 2168 1917 —1.
2185 1894 2215 1918 e.
2232 1893 2277 1917 m.
2291 1885 2400 1926 priori

797 1940 979 1978 Oxonien.‚
997 1942 1029 1972 et
1054 1940 1180 1972 archid.
1199 1941 1239 1972 de
1257 1941 1396 1983 Campis
1414 1941 1597 1978 palentin..
1616 1949 1654 1972 ac
1671 1943 1759 1972 cant.
1778 1940 2028 1978 vallisoletan„
2047 1938 2216 1971 Palentin.
2235 1938 2296 1977 di.,
2316 1939 2396 1971 eccl.

798 1995 851 2032 (A.
868 1995 917 2030 14,
933 1994 955 2024 f.
974 1996 1012 2025 75
1027 1994 1055 2030 b;
1082 1993 1113 2024 V.
1131 1996 1180 2031 71,
1198 2002 1249 2033 ep.
1268 1994 1334 2034 95.)

844 2044 978 2076 12525.
998 2065 1038 2070 —-
1059 2047 1135 2078 Eid.
1153 2047 1266 2078 collat.
1284 2046 1463 2078 archidiac.
1480 2047 1521 2078 de
1539 2046 1626 2078 Alva
1647 2046 1682 2078 in
1700 2047 1780 2078 eccl.
1798 2046 2035 2085 Salamantin„
2051 2054 2112 2086 per
2125 2045 2366 2078 dimissionem
2380 2054 2400 2077 a

797 2101 975 2131 Fer-nando
993 2101 1128 2132 Velasci
1144 2100 1270 2131 archid.
1290 2100 1423 2131 Abilen.
1438 2100 1538 2140 ⁴juxta
1553 2100 1690 2132 constit.
1709 2108 1811 2139 super
1826 2099 1951 2140 plural.
1969 2099 2080 2131 benef.
2099 2099 2223 2131 factam
2239 2107 2330 2137 vac„
2322 2108 2330 2115 ·
2349 2107 2399 2131 re·

797 2153 941 2193 liquant
955 2162 983 2184 s.
1001 2154 1052 2192 (A.
1071 2155 1119 2190 14,
1138 2153 1160 2184 f.
1179 2153 1322 2190 77³;V.
1339 2155 1389 2189 71,
1408 2162 1460 2193 ep.
1477 2153 1544 2193 96)

845 2204 978 2236 12526.
1003 2225 1040 2230 -
1070 2207 1185 2238 loanni
1213 2206 1328 2238 Garsiae
1345 2216 1439 2247 prov.
1464 2215 1582 2238 canon.
1607 2206 1671 2238 sub
1693 2215 1789 2247 exsp.
1811 2206 1914 2246 praeb.
1932 2215 2009 2238 cum
2025 2185 2270 2246 praestimoniis
2283 2205 2397 2238 saecul.

797 2261 877 2291 eccl
896 2260 1146 2297 Vallisoletan„
1161 2260 1329 2291 Palentin.
1342 2261 1401 2291 di..
1394 2260 1546 2297 consid.
1558 2260 1674 2296 Mariae
1685 2260 1810 2300 reginae
1823 2259 1980 2292 Castellae
1993 2261 2027 2291 et
2039 2259 2214 2300 Legionis3
2232 2267 2299 2291 non
2309 2259 2397 2291 obst.

797 2314 912 2353 quod
904 2323 939 2344 ln
957 2314 1028 2345 ead.
1049 2315 1128 2345 6661.
1160 2314 1337 2345 dimidiam
1364 2291 1556 2353 portionem
1573 2315 1606 2345 et
1632 2314 1802 2354 quoddam
1827 2313 2100 2354 praestimonium
2123 2313 2164 2344 de
2185 2321 2304 2345 mensa
2320 2312 2396 2344 abb.

797 2367 904 2406 ejusd.
920 2367 1012 2404 eccl.‚
1029 2367 1119 2406 quod
1135 2367 1362 2398 Petiferarum
1378 2367 1418 2398 de
1434 2362 1576 2398 Linares
1593 2367 1778 2407 vulgariter
1789 2367 2014 2406 nuncupatur,
2029 2366 2191 2398 obtineat.
2207 2383 2247 2389 —
2261 2366 2287 2397 Ι.
2306 2374 2334 2398 6.
2348 2374 2396 2397 ιιι.

796 2421 836 2451 (16
866 2420 1005 2460 Campis
1033 2420 1215 2458 Palentin„
1236 2422 1268 2452 et
1295 2420 1335 2451 de
1354 2420 1442 2451 Alba
1457 2420 1678 2452 Salamantin.
1697 2429 1734 2452 ac
1751 2421 1792 2452 de
1807 2418 1943 2452 Ulmeto
1958 2419 2104 2451 Abulen.
2121 2419 2202 2451 6661.
2219 2419 2394 2451 archidis.

796 2473 849 2514 (A.
865 2475 914 2510 14,
933 2473 1049 2512 f.851>;
1082 2473 1118 2505 V.
1147 2476 1196 2510 71,
1213 2482 1266 2513 ep.
1287 2474 1372 2513 138.)

841 2524 979 2556 12527.
991 2545 1030 2550 -
1043 2527 1160 2559 loanni
1170 2527 1311 2564 Martini,
1326 2527 1442 2558 Mariae
1455 2526 1579 2567 reginae
1593 2526 1750 2558 Castellae
1764 2526 1858 2562 cler„
1871 2526 1952 2558 6661.
1967 2526 2133 2558 Conchen.
2147 2535 2221 2558 can.
2235 2525 2395 2566 praeben„

796 2581 906 2621 gratia
919 2590 1014 2620 exsp.
1038 2581 1130 2621 dign.
1150 2589 1211 2611 seu
1228 2582 1431 2620 personatus
1447 2589 1474 2611 6.
1499 2589 1526 2611 6.
1545 2580 1600 2612 ν61
1619 2589 1647 2611 s.
1670 2589 1698 2611 6.
1718 2580 1872 2620 ejusdem
1898 2580 1979 2612 eccl.
1999 2589 2077 2611 cum
2101 2579 2346 2619 praestimoniis
2363 2581 2398 2611 et

795 2633 1122 2674 praestimonialibus
1149 2633 1364 2673 portionibus
1373 2643 1382 2670 3
1402 2642 1469 2665 non
1495 2632 1582 2665 obst.
1599 2634 1689 2674 quod
1705 2634 1741 2664 in
1760 2633 1847 2672 ead„
1865 2633 2014 2673 Ispalen.
2032 2634 2066 2664 et
2081 2632 2259 2673 Segobien.
2278 2641 2394 2664 canon.

795 2689 828 2719 et
847 2687 950 2727 praeb.
981 2696 1058 2718 cum
1087 2687 1343 2727 praestimoniis,
1370 2688 1403 2718 et
1419 2687 1455 2718 in
1481 2686 1671 2718 Corduben.
1690 2696 1727 2719 ac
1753 2687 1930 2728 Seguntin.
1948 2686 2028 2718 6661.
2047 2686 2207 2718 dimidias
2222 2686 2408 2726 portiones,

794 2750 872 2772 cum
888 2741 988 2772 unico
1005 2740 1237 2780 praestimonio
1253 2740 1288 2771 in
1304 2740 1478 2780 Aquilera,
1490 2742 1523 2772 61
1536 2740 1706 2780 reliquum
1717 2741 1752 2772 in
1765 2741 1903 2776 Metina,
1919 2739 2140 2772 Salamantin.
2154 2739 2214 2776 di.,
2227 2739 2394 2775 obtineat;

795 2796 827 2825 et
839 2794 1062 2826 nihilominus
1073 2794 1228 2834 quaedam
1238 2794 1519 2833 praestimonialia
1530 2794 1565 2825 in
1576 2795 1729 2826 Loranca
1744 2794 1938 2834 Alfondiga,
1955 2795 1988 2825 et
2007 2794 2043 2825 in
2059 2802 2087 2826 s,
2104 2793 2262 2830 Mai-tino,
2280 2801 2318 2824 ac
2333 2793 2396 2825 Lo-

780 2856 929 2887 grosam
945 2849 976 2879 et
992 2847 1032 2879 de
1048 2856 1076 2878 s.
1092 2846 1218 2879 Jacobo
1238 2847 1278 2878 (16
1294 2847 1424 2884 Seram,
1444 2846 1611 2883 Toletan.,
1629 2847 1806 2879 Placentin
1823 2856 1860 2879 ac
1874 2847 2039 2879 Exonien.
2059 2846 2118 2884 di.,
2132 2838 2297 2878 616ιί11161-
2311 2845 2394 2877 obti-

794 2903 872 2932 neat
888 2910 962 2940 quae
978 2909 1014 2931 se
1030 2901 1127 2932 offert
1144 2901 1178 2931 in
1195 2899 1353 2931 manibus
1372 2900 1440 2931 ΡΡ.
1464 2900 1649 2941 resignare.
1666 2901 1825 2932 Irritatur
1847 2900 1974 2932 similis
1988 2901 2098 2941 gratia
2112 2900 2180 2940 ipsi
2196 2900 2334 2937 dudum,
2353 2899 2395 2930 ad

795 2954 1078 2994 supplicationem
1094 2954 1202 2993 ejusd.
1222 2953 1358 2994 reginae,
1374 2962 1545 2990 concessa,
1565 2963 1639 2994 quae
1660 2954 1726 2994 ipsi
1743 2954 1956 2986 infructuosa
1972 2953 2148 2991 remansit,
2166 2962 2243 2984 nam
2259 2953 2295 2984 in
2307 2953 2396 2984 litte-

795 3007 842 3038 ris
861 3007 1035 3044 confectis,
1055 3008 1192 3047 propter
1208 3007 1433 3047 ignorantiam
1447 3006 1733 3039 ambassiatorum
1749 3007 1873 3048 reginae
1889 3007 2048 3048 praefatae,
2063 3006 2174 3038 benef.
2191 3006 2306 3038 omnia
2321 3015 2394 3047 quae
