2566 3562
363 363 422 394 162

391 452 494 479 Datum
517 444 703 479 Avenione.

375 552 391 579 4
407 551 440 588 (11
458 550 614 585 non.)jtm.
633 549 722 578 1320.

508 977 544 1006 Ut
564 985 588 1004 s.

509 1191 545 1219 Ut
564 1199 587 1219 s,

394 1459 412 1486 5
428 1458 600 1495 (non.)jzm.
621 1458 709 1486 1320.

508 1676 544 1704 Ut
564 1683 587 1702 s.

510 1836 543 1863 Ut
558 1845 581 1863 s.

507 1943 543 1970 L't
563 1951 586 1970 s.

511 2051 545 2081 Ut
567 2061 589 2081 s,

510 2159 543 2188 Ut
563 2169 588 2187 s.

510 2267 543 2296 L't
565 2277 590 2296 3.

514 2645 548 2673 l't
569 2654 592 2673 s,

515 2913 549 2940 L't
571 2921 594 2940 s.

767 359 940 391 JOANNIS
963 358 1082 390 PAPAE
1103 358 1205 390 XXII.
1229 359 1478 400 (1316-1334).
1501 376 1541 384 —
1561 358 1748 392 LITTERAE
1770 359 1822 391 DE
1843 359 1967 392 CURIA

832 547 965 579 12156.
986 566 1024 572 -—
1040 549 1118 580 Eid.
1142 550 1256 582 mand.
1279 552 1316 582 ut
1338 550 1497 591 procedat
1515 552 1632 582 contra
1656 550 1822 583 Joannem
1845 551 2026 583 Amatonis
2050 551 2092 583 de
2115 551 2282 590 Fumone,
2303 551 2386 584 cler.

786 603 945 642 Alatrin.,
969 605 1001 635 et
1017 603 1181 635 Jacobum
1204 603 1332 636 dictum
1358 603 1600 642 Lombardum,
1619 612 1648 635 s.
1671 604 1858 643 Benedicti,
1877 606 1911 636 et
1928 603 2128 643 Patronum,
2146 613 2175 636 s.
2194 604 2387 637 Anastasiae

785 656 953 697 Anagnin.
974 657 1054 688 eccl.
1072 665 1158 694 can„
1176 656 1267 688 filios
1287 657 1412 698 quond.
1428 657 1543 688 Manui
1556 657 1708 690 Oddonis
1721 657 1762 689 de
1774 657 1941 698 Anagnia,
1955 657 2015 698 qui
2025 666 2087 698 pro
2101 657 2336 695 thesaurariis,
2353 659 2386 690 et

786 710 873 741 alios
890 709 970 742 cler.
986 719 1024 741 ac
1040 710 1157 748 laicos,
1175 710 1234 750 qui
1246 719 1307 750 pro
1323 710 1528 742 officialibus
1543 711 1613 742 tam
1630 709 1732 742 curiae
1746 710 1930 751 provinciae
1943 710 2137 751 Campaniae
2153 719 2192 743 ac
2205 710 2386 743 Maritima

786 771 888 803 quam
903 763 937 794 in
956 763 1102 795 diversis
1118 763 1284 803 partibus,
1304 763 1397 795 civit.
1415 765 1448 795 et
1463 763 1548 795 locis
1570 763 1668 795 dictae
1685 763 1868 804 provinciae
1886 771 1923 795 se
1941 765 2132 805 gesserunt,
2153 765 2187 796 et
2201 763 2385 804 compellat

787 825 845 848 eos
862 817 903 848 ad
916 817 1125 848 reddendum
1141 811 1307 848 rationem
1326 825 1392 848 una
1408 826 1484 848 cum
1503 816 1582 848 aliis
1598 817 1639 848 ad
1655 817 1806 857 regimen
1823 818 1856 849 et
1871 817 2061 850 custodiam
2078 818 2266 850 castrorum
2286 818 2320 850 et
2334 825 2389 850 ro·

787 870 925 902 charum
941 870 1038 902 dictae
1055 870 1237 910 provinciae
1253 870 1436 910 deputatis,
1460 870 1519 911 qui
1539 870 1580 902 de
1596 871 1742 910 receptis
1763 870 1804 902 ad
1820 878 1988 902 cameram
2004 872 2113 911 apost.
2132 872 2236 912 spect.
2255 870 2386 903 nullam

787 924 962 964 hucusque
979 924 1199 955 reddiderunt
1215 924 1394 956 rationem.
1414 923 1466 963 (V.
1485 925 1535 961 70,
1552 932 1605 964 ep.
1621 925 1672 962 87,
1692 923 1730 955 de
1746 925 1828 963 cur.)

835 974 968 1006 12157.
993 995 1029 1000 —-
1053 977 1127 1008 Eid.
1149 977 1260 1009 mand.
1281 978 1318 1008 ut
1334 987 1354 1008 a
1369 977 1519 1018 praelatis
1536 977 1730 1018 Campaniae
1751 979 1783 1009 et
1806 977 1986 1009 Maritimae
2003 977 2118 1018 exigat
2131 978 2328 1018 computum
2345 976 2388 1010 de

789 1031 956 1062 fructibus
971 1031 1073 1071 primi
1090 1031 1168 1062 anni
1185 1030 1425 1062 beneficiorum
1445 1030 1638 1062 vacantium
1654 1030 1689 1061 in
1704 1030 1806 1062 terris
1823 1030 1911 1071 ipsis
1925 1030 2078 1063 collectis
2093 1032 2127 1063 et
2144 1031 2283 1063 eosdem
2297 1029 2385 1063 fruc·

787 1085 844 1115 tus
859 1083 924 1115 sibi
942 1084 1044 1115 faciat
1059 1084 1239 1124 assignari,
1251 1085 1283 1115 et
1295 1084 1384 1124 quod
1395 1083 1490 1124 ipsos
1502 1092 1562 1124 per
1578 1083 1712 1115 fidelem
1727 1082 1889 1115 nuncium
1904 1084 2126 1116 transmittat.
2140 1083 2195 1124 (V.
2208 1084 2258 1122 70,
2270 1091 2324 1124 ep.
2334 1083 2387 1120 88,

787 1137 824 1168 de
839 1137 920 1177 cur.)

833 1188 968 1220 12158.
990 1209 1027 1213 -
1042 1191 1117 1221 Eid.
1135 1190 1247 1222 mand.
1264 1191 1301 1222 ut
1315 1190 1466 1231 inquirat
1481 1199 1524 1222 an
1541 1191 1665 1222 Petrus
1681 1190 1764 1222 olim
1781 1190 1972 1231 archiep.us
1985 1190 2162 1223 cusentin.
2174 1189 2332 1223 habuerit
2345 1189 2387 1222 li-

788 1245 932 1276 centiam
948 1244 1095 1276 testandi
1118 1246 1150 1275 et
1172 1244 1261 1284 quod
1277 1244 1469 1284 compellat,
1490 1244 1520 1275 si
1539 1244 1569 1275 ei
1589 1243 1630 1275 de
1654 1244 1729 1284 ipsa
1749 1243 1887 1276 licentia
1904 1252 1971 1275 non
1991 1242 2172 1281 constabit.
2188 1245 2389 1276 executores

787 1298 840 1330 vel
860 1298 1012 1329 haeredes
1028 1306 1109 1329 suos
1129 1298 1281 1337 quaedam
1300 1305 1382 1328 vasa
1401 1298 1570 1337 argentea,
1591 1297 1812 1337 pecuniarum
1831 1305 1984 1328 summas
1997 1297 2030 1329 et
2046 1297 2199 1337 quaedam
2215 1296 2284 1329 alia
2299 1295 2390 1329 bona

787 1361 860 1392 quae
879 1352 913 1382 in
931 1360 994 1383 suo
1017 1352 1221 1383 testamento
1238 1351 1411 1391 legaverat
1433 1351 1475 1382 ad
1494 1351 1696 1382 tradendum
1712 1343 1792 1388 sibi,
1814 1351 1976 1383 Romanoe
1997 1351 2078 1382 eccl.
2099 1350 2248 1383 nomine.
2264 1349 2318 1390 (V.
2335 1351 2388 1388 70,

787 1414 839 1445 ep.
857 1406 908 1441 89,
923 1404 959 1435 de
977 1415 1031 1435 cw-
1034 1404 1058 1442 .)

833 1456 967 1488 12159.
985 1478 1023 1482 -
1042 1458 1151 1490 Eidem
1169 1431 1395 1491 committitur
1410 1459 1556 1491 rectoria
1571 1458 1765 1498 Campaniae
1778 1459 1811 1490 et
1826 1457 2006 1490 Maritimae
2019 1465 2058 1490 ac
2068 1457 2293 1498 quorumdam
2306 1456 2391 1490 alio·
2422 1474 2424 1476 v

788 1522 862 1545 rum
880 1513 1031 1545 locorum
1050 1514 1091 1544 ad
1107 1514 1141 1546 S.
1158 1514 1198 1544 A.
1212 1512 1464 1552 beneplacitum
1481 1512 1681 1548 exercenda,
1698 1513 1730 1544 et
1747 1520 1851 1551 super
1867 1511 1930 1543 hoc
1947 1510 2109 1543 scribitur
2129 1510 2302 1543 universis
2314 1518 2391 1552 per-

788 1568 882 1599 sonis
898 1567 1086 1598 ecclesiast.
1102 1569 1134 1598 et
1150 1566 1336 1605 nobilibus,
1352 1575 1390 1597 ac
1409 1566 1560 1597 dominis
1575 1564 1823 1605 temporalibus
1840 1565 2009 1597 dictorum
2025 1564 2178 1597 locorum
2195 1564 2287 1606 quod
2299 1563 2389 1596 dicto

788 1621 910 1652 rectori
927 1620 1084 1652 obediant
1100 1622 1132 1651 et
1148 1620 1336 1652 intendant.
1350 1618 1404 1660 (V.
1426 1621 1476 1656 70,
1491 1628 1543 1660 ep.
1559 1621 1610 1656 69,
1627 1618 1664 1650 de
1677 1622 1756 1658 cur.)
2411 1619 2414 1620 ’

834 1672 967 1703 12160
987 1693 1024 1697 -
1049 1673 1125 1705 Ειά.
1146 1674 1372 1705 committitur
1393 1673 1483 1713 quod
1503 1672 1740 1704 deficientibus
1762 1672 1914 1713 praelatis
1936 1671 2026 1704 infra
2045 1671 2239 1712 Campaniae
2260 1670 2393 1704 Mariti·

788 1737 918 1768 maeque
940 1728 1135 1768 provincias
1160 1727 1356 1759 constitutis
1378 1726 1489 1766 possit
1510 1726 1633 1766 punire
1656 1735 1819 1758 excessus
1843 1725 2044 1758 clericorum
2069 1726 2103 1757 et
2127 1724 2274 1757 aliarum
2297 1732 2388 1766 pers.

788 1782 975 1813 ecclesiast
992 1781 1072 1812 hinc
1086 1781 1128 1812 ad
1142 1790 1268 1812 annum
1283 1780 1497 1812 commissos.
1515 1780 1634 1821 (V.170,
1654 1789 1707 1820 ep.
1727 1781 1767 1811 70
1780 1780 1820 1817 Α,
1839 1779 1876 1811 de
1888 1780 1970 1819 cur.)

833 1833 966 1864 12181.
995 1853 1033 1857 -
1058 1834 1134 1865 Eicl
1160 1843 1252 1866 conc.
1278 1834 1430 1874 regimen
1450 1834 1553 1865 castri
1575 1834 1727 1871 Lariani,
1753 1833 1957 1865 Praenestin.
1983 1832 2030 1864 di.
2055 1832 2110 1871 (V.
2134 1834 2184 1870 70,
2207 1840 2264 1873 ep.
2286 1833 2327 1865 70
2347 1832 2387 1870 Β,

788 1889 968 1971 1181620102.
991 1960 1028 1964 -
1046 1942 1074 1973 Ι.
1094 1951 1122 1973 0.
1142 1951 1185 1973 m.
1203 1942 1294 1973 univ.
1312 1941 1509 1973 hominibus
1529 1941 1609 1973 dicti
1628 1940 1742 1978 castri,
1761 1941 1799 1972 E.
1825 1941 1868 1972 R.
1886 1939 2058 1972 vassallis.
2077 1938 2130 1981 (V.
2150 1940 2201 1978 70,
2219 1947 2274 1980 ep.
2292 1939 2333 1971 70
2348 1938 2387 1979 C,

788 1996 824 2027 de
833 1996 967 2078 162λ11ὲ3.
988 2067 1026 2072 -
1043 2048 1152 2080 Eidem
1171 2048 1394 2080 committitur
1411 2048 1561 2088 regimen
1577 2047 1680 2079 castri
1697 2047 1815 2086 Riciae,
1830 2046 1995 2079 Albanen.
2014 2046 2061 2078 di.
2078 2046 2133 2087 (V.
2151 2047 2202 2084 70,
2220 2055 2274 2087 ep.
2291 2047 2332 2078 70
2345 2046 2390 2082 1),

787 2104 1028 2188 (1816211ἔί1-
1045 2157 1070 2189 1.
1089 2165 1118 2189 e.
1138 2165 1181 2189 m.
1200 2156 1291 2188 univ.
1309 2155 1505 2188 hominibus
1523 2155 1604 2187 dicti
1623 2155 1740 2193 castri,
1760 2155 1800 2186 R.
1825 2155 1863 2186 E.
1883 2153 2053 2186 vassallis.
2072 2153 2126 2194 (V.
2145 2154 2202 2191 70,
2220 2161 2275 2194 ep.
2291 2153 2331 2185 70
2346 2151 2390 2190 Ε,

788 2213 825 2243 de
835 2212 970 2295 10211135.
997 2282 1037 2288 -
1065 2264 1174 2295 Eidem
1200 2264 1363 2295 scribitur
1382 2263 1471 2303 quod
1487 2262 1667 2302 compellat
1683 2262 1852 2294 ,Ioannem
1871 2261 2051 2293 Amatonis
2067 2261 2108 2292 de
2129 2260 2295 2298 Fumone,
2308 2259 2389 2292 cler.

789 2320 935 2352 AlatrIn.
954 2319 1013 2355 di.‚
1036 2318 1093 2358 qui
1111 2326 1147 2348 se
1166 2317 1373 2348 mendaciter
1395 2325 1552 2347 asserens
1574 2315 1609 2346 in
1627 2315 1814 2355 provinciis
1831 2314 2025 2355 Campaniae
2041 2314 2073 2345 et
2089 2313 2270 2346 Maritimae
2282 2313 2392 2354 juris-

788 2374 967 2405 dictionem
983 2372 1106 2403 habere
1123 2380 1243 2402 causas
1258 2372 1326 2402 tam
1340 2370 1459 2401 civiles
1475 2378 1578 2410 quam
1592 2368 1788 2400 criminales
1805 2367 1963 2400 audiebat
1979 2369 2012 2399 et
2025 2366 2241 2405 terminabat,
2258 2368 2292 2399 et
2303 2366 2392 2399 alios

789 2427 953 2459 officiales
967 2428 1037 2458 tam
1056 2425 1198 2456 clericos
1217 2433 1318 2464 quam
1336 2424 1454 2461 laicos,
1473 2423 1581 2463 quise
1597 2422 1762 2454 officiales
1776 2422 1862 2453 falso
1878 2420 2045 2459 dicebant,
2064 2421 2107 2452 ad
2122 2420 2331 2452 reddendum
2347 2419 2391 2452 de

788 2481 842 2512 his
865 2490 939 2521 quae
955 2480 1118 2520 praetextu
1137 2478 1328 2509 officiorum
1345 2477 1540 2517 huiusmodi
1557 2477 1755 2516 receperunt
1771 2476 1926 2507 exactam
1940 2475 2107 2506 rationem
2129 2475 2163 2506 et
2177 2474 2390 2514 computum,

788 2535 934 2575 receptis
952 2533 1041 2565 dicto
1058 2532 1180 2564 rectori
1197 2531 1392 2572 assignatis,
1406 2533 1438 2563 et
1455 2530 1613 2570 dampnis
1630 2529 1737 2562 illatis
1753 2529 1852 2570 plene
1869 2521 2067 2560 satisfactis.
2086 2527 2140 2568 (V.
2155 2529 2205 2564 70,
2223 2536 2276 2568 ep.
2295 2528 2335 2559 70
2350 2526 2391 2565 F.

788 2589 825 2620 de
840 2589 922 2628 cur.)

835 2640 972 2673 12166.
993 2659 1027 2665 -
1049 2641 1134 2682 May.
1159 2640 1323 2681 Aymerico
1345 2639 1382 2670 de
1405 2637 1603 2677 Castrolucii,
1629 2637 1749 2668 archid.
1779 2636 2036 2677 Transoiyemeen.
2059 2635 2092 2666 in
2116 2634 2190 2666 eccl.
2218 2633 2387 2672 Tur-onem,

789 2696 855 2728 PP.
884 2706 968 2737 cap„
994 2694 1218 2727 committitur
1242 2693 1388 2725 rectoria
1411 2692 1594 2733 provinciae
1618 2691 1854 2724 Romandiolae
1877 2691 1911 2722 et
1933 2689 2116 2721 comitatus
2138 2687 2330 2720 Bretenorii
2354 2695 2395 2720 ac

788 2751 1083 2791 pertinentiarum,
1104 2749 1145 2779 ad
1170 2747 1420 2787 beneplacitum
1442 2746 1475 2778 S.
1500 2747 1542 2777 A.
1560 2765 1597 2769 —
1613 2746 1640 2776 I.
1664 2754 1693 2777 e.
1712 2754 1756 2776 m.
1781 2743 1962 2784 archiepis
1983 2744 2016 2775 et
2039 2743 2126 2783 ep.is
2149 2743 2182 2774 et
2200 2741 2280 2773 aliis
2299 2749 2390 2781 pers.

789 2805 978 2836 ecclesiast.
1003 2805 1035 2835 et
1060 2802 1191 2834 caeteris
1213 2800 1363 2832 dominis
1384 2799 1630 2840 temporalibus
1658 2800 1695 2830 ut
1718 2799 1808 2830 dicto
1832 2797 1956 2830 rectori
1979 2797 2121 2837 pareant
2144 2797 2179 2828 et
2200 2794 2388 2827 intendant.

790 2858 843 2899 (V.
862 2859 912 2895 70,
934 2866 986 2897 ep.
1005 2856 1100 2893 99A,
1118 2855 1155 2886 de
1172 2855 1253 2894 cm.)

837 2908 972 2941 12167.
992 2928 1030 2933 —-
1048 2908 1161 2940 Eidem
1184 2908 1297 2940 mand.
1315 2907 1405 2948 quod
1422 2907 1532 2947 possit
1550 2905 1754 2946 compellere
1771 2904 1963 2936 ordinarios
1978 2905 2011 2936 et
2030 2902 2179 2944 capitula
2194 2901 2252 2942 qui
2274 2900 2388 2933 obser-

790 2974 869 2996 vare
887 2966 918 2996 et
933 2964 1054 2995 ohserx
1056 2963 1106 2995 ari
1125 2963 1234 2994 facere
1253 2961 1439 2993 sententias
1457 2960 1569 2992 latas
1561 2969 1595 2990 1n
1613 2959 1768 2990 subditos
1787 2967 1848 2998 per
1868 2966 1945 2989 eum
1961 2956 2015 2989 vel
2031 2955 2196 2988 officiales
2214 2963 2295 2986 suos
2313 2962 2391 2986 con-

790 3018 959 3049 tradicunt
975 3018 1142 3058 praetextu
1161 3015 1428 3056 appellationum
1446 3014 1487 3045 ad
1504 3013 1537 3045 S.
1552 3014 1592 3044 A.
1610 3021 1723 3044 coram
1739 3011 1818 3043 aliis
1833 3011 1876 3043 ad
1890 3019 1976 3051 quos
1993 3009 2030 3041 id
2044 3018 2111 3042 non
2124 3008 2270 3049 pertinet
2286 3007 2389 3040 emis·
