2566 3562
294 1080 345 1107 Die
359 1079 495 1111 dominica

211 1123 228 1151 7
243 1126 312 1159 sept.
332 1124 422 1159 1320,
438 1123 498 1152 ind.
519 1123 580 1153 111¹.

282 1238 318 1265 15
333 1241 402 1274 sept.
420 1238 507 1267 1320.

207 1558 246 1586 18
260 1560 329 1594 sept.
346 1559 433 1592 1320,
445 1559 503 1588 ind.
517 1560 567 1588 lv·

201 1719 244 1747 20
257 1722 325 1755 sept.
343 1719 430 1754 1320,
443 1721 502 1749 ind.
515 1722 576 1751 1v·.

235 1879 273 1907 13
291 1879 354 1915 (id.)
373 1889 436 1908 nov.
454 1881 542 1910 1320.

204 2145 242 2174 15
256 2154 316 2174 που.
337 2147 425 2181 1320,
439 2147 498 2177 ind.
515 2149 573 2178 111·.

281 2309 386 2337 Datum
402 2308 493 2341 Astae

219 2360 238 2388 8
258 2361 300 2394 (vi
321 2359 373 2392 id.)
389 2360 447 2388 dec.
467 2361 556 2389 1320.

280 2404 410 2435 (Joannis
425 2405 498 2432 XXII

209 2448 396 2483 pontificatus
410 2457 487 2477 anno
503 2450 565 2486 νο.)

196 2540 198 2542 v
249 2521 299 2548 Die
317 2520 429 2548 sabbati
446 2521 484 2548 13
497 2524 527 2550 et

199 2564 338 2602 dominica
355 2565 392 2592 14
408 2565 466 2593 dec.
485 2565 574 2599 1320,

318 2609 377 2637 ind.
397 2610 458 2638 ¹11¹.

215 2733 265 2761 Die
278 2733 387 2761 sabbati
403 2734 441 2762 13
455 2734 514 2765 dec.
530 2738 559 2763 et

202 2777 240 2805 14
255 2778 312 2806 dec.
328 2778 417 2813 1320,
435 2779 495 2807 ind.
511 2780 572 2808 111⁸.

445 391 698 423 APPENDICES
722 391 776 421 AD
799 390 984 428 QUINTUM
1007 390 1203 422 BULLARII
1223 389 1397 421 JOANNIS
1420 390 1511 421 XXII
1534 390 1693 421 ANNUM.
1712 409 1757 427 ,-
1779 391 2020 431 (1316-1334)

2191 393 2254 423 379

1388 707 1503 758 IV

640 834 868 867 Instrumenta
891 831 1035 865 archivii
1060 831 1171 865 castri
1195 831 1318 865 Sancti
1340 830 1469 875 Anqeli
1491 830 1575 863 anni
1600 830 1713 874 quinti
1732 830 1960 875 pontificatus
1986 829 2129 862 Joanm's
2149 831 2253 862 XXII

1025 908 1129 947 prout
1149 901 1185 935 in
1204 901 1364 934 armariis
1383 900 1536 945 ejusdem
1556 899 1703 933 archivii
1716 900 1850 945 jacent.

685 1076 821 1109 14390.
841 1096 880 1101 -
895 1078 1030 1110 Relatio
1054 1077 1299 1118 publicationis
1321 1076 1443 1108 habitae
1459 1077 1513 1108 die
1529 1079 1547 1109 3
1566 1078 1651 1117 sept.
1669 1077 1702 1108 in
1722 1077 1814 1108 civit.
1833 1077 1951 1108 Asten.
1968 1078 2031 1108 etc.
2050 1076 2141 1117 (vide
2158 1076 2248 1107 infra

638 1141 670 1165 n.
690 1133 804 1173 14391)
817 1132 857 1163 de
874 1132 1034 1163 mandato
1052 1131 1171 1163 Uberti
1191 1131 1260 1170 ep.i
1277 1131 1519 1162 vercellensis.
1538 1131 1696 1168 (Ar-mario
1720 1130 1755 1167 C,
1774 1130 1852 1170 fasc.
1873 1132 1925 1168 42,
1943 1140 1974 1162 n.
1994 1133 2047 1167 143
2069 1139 2158 1170 pet-9.
2184 1140 2246 1160 ma*

636 1195 728 1227 qnam
747 1195 813 1216 cum
827 1184 881 1226 filo
895 1185 990 1216 serico
1008 1184 1127 1223 rubeo.)

683 1236 819 1270 14391.
836 1257 875 1263 -
893 1238 1028 1271 Relatio
1044 1238 1225 1270 Bertrandi
1241 1247 1269 1269 s.
1286 1238 1440 1269 Marcelli
1458 1237 1571 1277 presb.
1589 1237 1692 1274 card.,
1710 1240 1749 1269 A.
1769 1238 1803 1269 S.
1822 1237 1935 1277 legati,
1956 1238 1998 1268 de
2014 1236 2246 1276 publicatione

636 1301 860 1333 processuum
874 1291 1067 1323 habitorum
1080 1300 1140 1331 per
1154 1291 1221 1323 PP.
1239 1292 1267 1323 V
1280 1291 1349 1323 kal.
1365 1291 1429 1331 jul.
1447 1300 1476 1322 a.
1495 1301 1527 1322 1v
1538 1294 1654 1322 contra
1670 1291 1852 1322 Mathaeum
1865 1291 1906 1322 de
1919 1289 2188 1322 vicecomitibus
2205 1290 2245 1320 de

636 1346 828 1378 Mediolano
844 1354 880 1377 se
894 1347 1067 1386 gerentem
1083 1354 1144 1385 pro
1161 1345 1289 1376 vIcario
1305 1345 1442 1384 imperii
1456 1345 1491 1375 in
1510 1345 1598 1376 civit..
1614 1345 1854 1378 Mediolanen.‚
1868 1343 2000 1375 factain
2013 1343 2104 1374 civit.
2124 1344 2243 1375 Asten.

636 1400 676 1432 de
694 1409 761 1440 qua
777 1399 914 1431 facilius
929 1399 1060 1439 poterat
1076 1399 1255 1438 pervenire
1271 1398 1313 1429 ad
1326 1398 1484 1429 notitiam
1501 1398 1608 1438 ejusd.
1625 1398 1759 1429 Mathaei
1778 1398 1836 1437 qui
1852 1397 2119 1428 ambasciatores
2134 1396 2243 1436 ejusd.

635 1453 738 1494 legati
756 1453 907 1493 recipere
922 1452 1046 1490 noluit,
1064 1453 1133 1484 imo
1148 1452 1200 1484 eis
1216 1451 1360 1491 injurias
1377 1452 1551 1492 irrogav1t.
1569 1451 1730 1492 (Ar-mario
1745 1451 1780 1489 C,
1793 1451 1871 1491 fasc.
1891 1452 1942 1488 42,
1962 1461 1993 1482 η.
2012 1452 2031 1480 4
2042 1459 2050 1487 ;
2065 1459 2154 1490 perq.
2173 1459 2240 1480 cum

635 1506 690 1547 filo
705 1506 860 1547 canapis.)

681 1557 818 1591 14392.
843 1578 881 1584 -
899 1560 1039 1592 Litterae
1056 1560 1211 1600 patentes
1228 1559 1382 1594 Roberti‚
1401 1559 1491 1599 regis
1511 1558 1647 1594 Siciliae,
1665 1567 1732 1598 qua
1745 1558 1956 1598 recognoscit
1972 1566 2008 1589 se
2024 1558 2142 1588 mutuo
2159 1566 2177 1588 a
2193 1566 2245 1588 ca-

634 1623 729 1646 mera
746 1614 933 1654 apostolica
952 1613 1122 1653 recepisse
1134 1614 1247 1645 10000
1263 1613 1470 1644 florenorum
1493 1612 1528 1643 in
1553 1612 1748 1644 subsidium
1766 1611 1950 1643 vicariatus
1967 1611 2159 1651 imperialis
2177 1610 2244 1641 sibi

634 1667 810 1700 commissi
826 1668 861 1699 in
878 1667 1033 1707 partibus
1051 1667 1183 1699 Tusciae
1199 1668 1232 1698 et
1247 1666 1474 1698 Lombardiae.
1493 1665 1592 1706 (Arm.
1609 1665 1646 1701 C,
1659 1665 1738 1705 fasc.
1758 1666 1809 1703 38,
1823 1675 1853 1695 n.
1871 1667 1890 1697 6
1904 1670 1933 1695 ec
1947 1667 1983 1702 '1;
2000 1664 2104 1705 per-q.)

681 1718 818 1752 14393.
846 1737 884 1743 -
911 1721 1111 1760 Recognitio
1140 1720 1309 1760 praedictae
1338 1728 1480 1751 summae
1512 1722 1655 1759 receptae
1678 1728 1698 1749 a
1722 1717 2001 1759 procuratoribus
2029 1718 2110 1748 dicti
2139 1717 2242 1755 regis,

636 1776 735 1814 (Arm.
755 1775 790 1810 C,
806 1775 832 1815 f.
851 1775 902 1812 38,
919 1785 949 1805 n.
965 1776 984 1806 9
994 1784 1002 1812 3
1015 1784 1104 1815 ρετ-9.
1124 1784 1190 1805 cum
1204 1774 1283 1804 vitta
1298 1773 1527 1804 membranacea
1541 1783 1578 1803 ea·
1595 1783 1655 1813 qua
1667 1772 1777 1813 pendet
1794 1771 1930 1812 siqillum
1948 1781 2023 1802 σενα·
2041 1771 2139 1801 rubeae
2153 1770 2245 1801 curiae

635 1828 789 1868 camerae.)

681 1879 816 1912 14394.
837 1900 875 1905 -
890 1882 1095 1922 Exemplum
1111 1885 1119 1905 ¹
1139 1880 1371 1912 authenticum
1389 1879 1685 1911 membranaceum
1704 1879 1783 1910 anni
1805 1881 1893 1915 1321,
1910 1879 1999 1910 auct.
2018 1878 2058 1908 fr.
2077 1877 2170 1909 Petri
2186 1877 2241 1908 Pi-

634 1945 769 1968 sauren.
787 1936 854 1976 ep.i
871 1938 904 1967 et
918 1935 989 1967 d.ni
1004 1935 1146 1975 Erigisti
1160 1934 1287 1974 judicis
1306 1934 1398 1965 civit.
1414 1933 1606 1971 Pisauren.,
1626 1933 1818 1964 litterarum
1844 1932 1987 1964 Joannis
2001 1931 2100 1962 XXII
2116 1930 2242 1971 quibus

634 1990 723 2021 liber
735 1990 904 2021 transitus
921 1989 1116 2028 praecipitur
1134 1987 1288 2028 praestari
1304 1987 1467 2027 potestati
1490 1989 1521 2019 et
1547 1986 1689 2017 sindicis
1714 1986 1906 2017 communis
1935 1985 2062 2017 Fauen.
2088 1984 2180 2015 civit.
2200 1985 2241 2015 ad

633 2043 899 2082 comparendum
913 2051 1025 2073 coram
1042 2041 1206 2073 Pontifice
1223 2050 1284 2081 pro
1300 2040 1500 2072 excessibus
1517 2039 1713 2071 commissis
1730 2039 1894 2070 adversus
1910 2039 1943 2070 S.
1963 2039 2003 2070 R.
2022 2038 2060 2069 E.
2082 2038 2242 2076 (Armario

632 2096 705 2134 XV,
726 2106 811 2136 caps.
826 2095 866 2134 X,
883 2106 914 2127 n.
934 2097 963 2132 3,
976 2105 1011 2136 p.
1033 2097 1078 2134 2.)
1934 2081 1937 2085 .

679 2147 814 2179 14395.
846 2167 884 2172 —
912 2150 1075 2181 Instrum.
1103 2148 1340 2180 ratificationis
1369 2148 1409 2178 de
1436 2147 1617 2178 donatione
1634 2147 1722 2177 facta
1738 2146 1861 2177 Joanni
1885 2146 1984 2184 Papae
1999 2145 2111 2180 XXII,
2130 2144 2184 2175 die
2203 2145 2238 2174 21

628 2204 702 2244 jun.
716 2205 806 2241 1317,
821 2203 862 2234 de
876 2197 1086 2243 quibusdam
1098 2202 1197 2233 bonis
1215 2202 1257 2233 ad
1272 2201 1440 2241 hospitale
1457 2209 1485 2231 s.
1502 2201 1644 2232 Joannis
1658 2199 1930 2231 Jerosolimitani
1947 2199 2070 2238 pertin.
2088 2198 2123 2228 in
2139 2197 2242 2228 comi-

630 2259 704 2289 tatu
718 2256 939 2297 Venayssini.
954 2256 1113 2297 (Ar-mario
1127 2255 1163 2292 C,
1179 2256 1257 2295 fasc.
1272 2257 1322 2290 23,
1338 2265 1369 2287 n.
1388 2256 1425 2286 13
1432 2264 1441 2292 ;
1454 2263 1544 2294 ρει-9.
1561 2253 1677 2285 duobus
1696 2253 1878 2283 membranis
1895 2252 2065 2290 constans.)

678 2307 812 2339 14396.
827 2327 866 2333 --
884 2310 1014 2341 Littera
1031 2309 1212 2341 Bertrandi
1227 2309 1261 2340 S.
1282 2310 1321 2340 A.
1339 2308 1453 2348 legati,
1471 2317 1533 2339 suo
1552 2307 1666 2347 sigillo
1680 2306 1820 2344 inunita,
1840 2306 1882 2337 ad
1898 2305 2078 2336 universos
2096 2304 2240 2343 patriar-

632 2363 723 2401 chas,
749 2363 939 2403 archiep.os
959 2365 993 2394 et
1011 2371 1106 2402 ep.0s
1120 2365 1156 2393 ut
1172 2362 1346 2402 publicent
1364 2370 1483 2392 omnes
1506 2361 1655 2392 fautores
1671 2360 1805 2391 Isnardi
1824 2359 2022 2400 patriarchae
2039 2357 2239 2389 Antiochen.

632 2417 724 2448 easd.
743 2425 859 2456 poenas
876 2417 908 2448 et
926 2416 1115 2447 sententias
1137 2415 1324 2447 incurrisse
1342 2424 1415 2454 quae
1433 2416 1552 2446 contra
1569 2415 1682 2445 eumd.
1700 2413 1881 2445 Isnardum
1903 2407 1980 2443 latae
2003 2413 2092 2442 sunt.
2115 2410 2239 2451 (Arma-

631 2470 679 2500 rio
700 2469 735 2505 C.
749 2469 827 2508 fasc.
852 2470 903 2504 68,
919 2479 951 2499 π.
965 2470 1000 2506 2;
1018 2468 1120 2509 pery.)

677 2519 813 2552 14397.
832 2539 870 2545 -—
887 2521 1021 2553 Relatio
1039 2521 1214 2552 affixionis
1241 2521 1308 2552 litt.
1339 2522 1448 2559 apost.
1475 2521 1661 2551 Bertrando
1681 2528 1708 2550 s.
1728 2519 1882 2550 Marcelli
1899 2517 2013 2558 presb.
2033 2518 2123 2548 card.
2144 2517 2183 2547 A.
2204 2516 2237 2548 S.

631 2576 741 2616 legato
758 2575 965 2607 directarum
979 2583 1038 2605 xxv
1053 2574 1122 2605 kal.
1140 2574 1211 2605 dec.
1232 2583 1251 2605 a
1264 2577 1300 2604 ν’
1313 2573 1439 2613 quibus
1455 2573 1547 2612 Papa
1562 2573 1643 2603 citat
1658 2581 1772 2603 coram
1789 2580 1825 2602 se
1847 2572 2028 2602 Mathaeum
2046 2571 2086 2601 de
2102 2570 2238 2600 Viceco-

631 2629 774 2661 mitibus
789 2629 829 2660 de
848 2628 1052 2665 Mediolano,
1067 2627 1163 2658 factae
1179 2628 1255 2658 ante
1270 2629 1386 2666 portas
1397 2635 1425 2657 s.
1442 2626 1589 2657 Secundi
1604 2626 1645 2656 de
1659 2626 1807 2656 Mercato
1821 2626 1854 2656 et
1869 2618 2010 2665 majoris
2022 2624 2141 2654 Asten.
2155 2622 2237 2653 eccl.

630 2683 789 2723 (Armario
804 2681 928 2722 αἶα-ἵε.
945 2682 997 2716 42,
1016 2691 1047 2712 n.
1063 2682 1116 2716 18;
1134 2679 1240 2721 perq.)

678 2733 814 2765 14398.
830 2735 1147 2766 —Instrumentum
1169 2742 1235 2773 quo
1254 2734 1388 2764 constat
1404 2732 1630 2764 Bertrandum
1646 2731 1796 2771 legatum
1815 2730 1906 2769 affigi
1930 2729 2052 2760 fecisse
2069 2730 2144 2759 ante
2162 2737 2235 2768 por-

630 2791 683 2821 tas
703 2789 782 2820 eccl.
815 2798 843 2820 s.
872 2788 1017 2820 Secundi
1034 2788 1074 2819 de
1089 2787 1237 2819 Mercato
1256 2788 1289 2818 et
1305 2786 1446 2826 majoris
1464 2786 1544 2816 eccl.
1564 2786 1683 2816 Asten.
1713 2784 1779 2815 litt.
1801 2784 1909 2823 apost.
1932 2785 2005 2820 (xm
2020 2782 2089 2813 kal.
2115 2782 2187 2812 dec.
2206 2790 2235 2812 a.

630 2845 678 2882 νο)
704 2842 918 2874 continentes
937 2841 1132 2873 citationem
1162 2840 1296 2871 Mathaei
1314 2840 1354 2870 de
1372 2839 1640 2871 vicecomitibus
1661 2846 1764 2877 super
1781 2836 2037 2876 impedimentis
2055 2834 2163 2866 illatis
2183 2843 2237 2866 ve-

630 2896 805 2928 nientibus
828 2895 870 2927 ad
884 2895 917 2927 S.
937 2896 978 2927 A.
996 2895 1028 2926 et
1046 2894 1268 2926 redeuntibus
1285 2893 1326 2924 ab
1343 2893 1430 2928 ead„
1450 2891 1648 2923 cursoribus
1665 2893 1788 2930 apost„
1807 2890 1912 2926 card.,
1938 2890 2000 2920 etc.
2021 2888 2179 2928 (Armario
2198 2887 2234 2925 C,

629 2950 707 2990 fasc.
723 2951 774 2987 44,
796 2959 828 2979 n.
847 2950 884 2981 18
891 2958 900 2986 ;
915 2958 1006 2989 pery.
1031 2947 1205 2987 magnum.)

661 3059 684 3083 1.
710 3058 886 3089 Deprompta
904 3059 947 3082 est
964 3057 1025 3082 haec
1039 3055 1170 3088 aualysis
1191 3062 1224 3080 ex
1240 3054 1334 3079 indice
1356 3053 1558 3084 chronologico
1575 3052 1699 3077 archivii
1718 3051 1807 3076 castri
1826 3051 1924 3077 Sancti
1939 3051 2051 3082 Angeli,
2070 3051 2117 3075 sed
2141 3050 2236 3075 deficit

630 3103 868 3128 instrumentum.
