2566 3562
216 433 319 460 Datum
338 427 521 462 Avenione.

194 532 231 560 13
243 532 289 569 (111
303 532 356 567 id.)
371 534 439 562 maii
452 533 539 562 1320.

325 693 361 721 Ut
381 701 405 721 s.

249 851 287 878 19
303 852 372 880 maii
387 852 475 880 1320.

245 898 309 930 (xxv
328 897 387 924 kal.
404 896 481 933 jun.)

320 1116 356 1144 Ut.
375 1125 400 1145 s.

317 1277 354 1305 Ut
374 1286 398 1305 s.

237 1649 278 1678 25
295 1651 362 1678 maii
381 1651 468 1680 1320.

232 1697 300 1730 (vni
318 1695 377 1724 kal.
394 1696 471 1733 jun.)

305 2024 341 2053 Ut
360 2033 384 2054 s.

307 2239 343 2267 Ut
364 2247 387 2266 s.

310 2452 343 2480 Ut
362 2461 385 2480 s.

198 2609 212 2638 1
229 2611 312 2648 (kal.)
320 2612 388 2646 jun.
406 2612 494 2641 1320.

306 2771 340 2799 Ut
358 2780 382 2799 s.

307 2929 341 2957 Ut
358 2920 384 2956 s.

589 343 762 375 JOANNIS
785 344 902 375 PAPAE
925 345 1026 377 XXII.
1049 346 1296 386 (1316-1334).
1321 364 1360 370 —
1381 347 1568 378 LITTERAE
1592 340 1642 378 DE
1665 347 1784 379 CURIA
2147 352 2204 382 157

652 532 786 564 12089.
805 552 844 558 -
858 534 1024 567 Scribitur
1039 536 1170 568 Graden.
1188 542 1215 567 et
1233 537 1415 578 Aquileqen.
1432 538 1621 578 patre’arclzis
1643 548 1805 579 eorumque
1825 540 2061 580 suffraqqaneis,
2078 540 2200 577 Pisan.‚

606 588 808 619 Mediolanen.
824 593 853 619 ee
871 588 1082 621 Ravennalen.
1101 589 1267 631 archiep.is
1281 600 1443 631 eorumque
1457 591 1675 631 suffraganeis,
1693 602 1730 622 ac
1744 601 1814 632 ep.o
1829 592 2008 625 Fert-arten.
2024 593 2065 625 de
2090 594 2201 633 publi-

605 642 736 673 catione
752 649 974 681 processuum
990 642 1024 673 in
1038 643 1198 682 praedicta
1212 643 1327 674 littera
1341 644 1560 675 insertorum.
1579 644 1632 684 (V.
1648 646 1700 680 70,
1717 653 1769 684 ep.
1788 646 1826 676 67
1848 646 1879 676 Α
1893 645 1929 676 de
1945 647 2027 686 cur.)

652 692 776 724 12089
798 691 886 735 (bis).
908 715 946 720 --
963 695 1047 736 Εμο
1062 696 1233 727 Bononien.
1251 700 1278 726 et
1295 706 1375 737 may.
1392 696 1556 737 Aymerico
1572 697 1608 727 de
1626 697 1823 735 Castrolucii,
1841 699 1881 730 A.
1896 699 1930 731 S.
1946 699 2088 737 nuntiis,
2105 709 2200 732 man-

605 747 703 779 datur
719 749 808 780 idem
818 758 826 786 ;
844 749 1015 781 declarent
1029 749 1170 788 insuper
1184 750 1433 788 contemptores
1447 750 1684 781 mandatorum
1703 751 1803 790 Papae
1820 760 1935 790 poenas
1959 752 2144 784 incurrisse
2164 753 2199 784 in

603 801 822 840 processibus
839 802 926 842 ipsis
941 803 1127 833 contentas.
1145 802 1200 842 (V.
1216 803 1266 839 70,
1280 810 1333 841 ep.
1350 803 1388 832 67
1405 803 1431 833 Β
1447 802 1483 833 de
1497 803 1579 842 cur.)

650 851 784 884 12090.
803 873 842 878 -
858 855 1035 896 Archiep.is
1050 859 1079 884 et
1093 854 1172 895 ep.is
1185 864 1242 895 per
1257 855 1449 895 provinciam
1466 855 1656 886 Lombardiae
1670 857 1840 887 constitutis
1855 858 1968 889 mand.
1989 860 2025 889 ut
2049 859 2197 891 Roberto

602 907 674 947 regi
695 907 832 946 Siciliae,
854 908 908 940 cui
929 909 1023 948 Papa
1045 908 1247 938 vicariatum
1273 908 1422 947 imperii,
1445 910 1479 940 et
1502 908 1660 948 Philippo
1685 909 1802 940 comiti
1817 910 2055 947 cenomanen„
2073 912 2127 943 cui
2149 913 2196 943 id.

601 968 663 990 rex
686 959 778 991 vices
796 969 877 992 suas
900 961 1155 997 commiserunt,
1179 960 1349 991 obediant.
1367 978 1406 983 —
1428 961 1454 992 I.
1473 970 1502 992 e.
1519 970 1564 991 m.
1591 961 1854 1000 marchionibus,
1874 963 2056 994 comitibus
2071 966 2104 996 et
2119 965 2197 996 aliis

601 1012 787 1051 nobilibus,
813 1022 850 1045 ac
868 1013 1108 1054 potestatibus,
1132 1013 1331 1053 capitaneis,
1358 1014 1641 1046 universitatibus
1663 1015 1752 1046 etc...
1781 1023 1840 1054 per
1858 1016 1967 1047 eamd.
1987 1018 2196 1056 provinciam

600 1066 807 1098 constitutis.
824 1067 880 1108 (V.
899 1068 948 1105 70,
968 1075 1020 1107 ep.
1037 1068 1077 1099 62
1090 1066 1127 1097 de
1147 1076 1232 1104 cur.;
1252 1066 1384 1103 Coulon,
1397 1075 1430 1099 n.
1452 1068 1655 1106 1041-1043.)

645 1116 780 1150 12091.
796 1139 833 1143 -
850 1119 1026 1151 Bertrando
1041 1130 1066 1151 s.
1082 1119 1221 1150 Marcelli
1236 1120 1339 1161 presb.
1364 1119 1462 1157 card„
1481 1121 1521 1152 A.
1541 1121 1574 1153 S.
1592 1121 1715 1161 legato,
1733 1121 1846 1152 mand.
1864 1122 1901 1152 ut
1918 1122 2098 1161 praedictos
2116 1132 2197 1163 prae-

598 1172 698 1210 latos,
718 1172 850 1205 nobiles
868 1175 900 1205 et
918 1173 1159 1205 universitates
1175 1173 1355 1213 compellat
1372 1173 1414 1205 ad
1432 1173 1660 1205 obedientlam
1677 1174 1766 1205 dicto
1779 1174 1894 1206 comiti
1903 1174 2062 1206 debitam.
2080 1176 2134 1215 (V.
2146 1178 2196 1214 70,

598 1234 651 1267 ep.
669 1228 708 1258 63
727 1226 764 1257 de
780 1236 865 1264 cur.;
885 1226 1015 1264 Couhm,
1030 1235 1062 1258 n.
1081 1227 1186 1267 1044.)

644 1277 780 1309 12092.
797 1298 834 1304 -
851 1280 903 1311 Ad
918 1281 1058 1320 suturam
1075 1280 1121 1310 rei
1133 1280 1322 1312 memoriam.
1341 1299 1379 1303 —
1395 1280 1596 1312 Declaratur
1613 1281 1703 1320 quod
1719 1281 1874 1312 homines
1890 1281 2040 1313 locorum
2065 1290 2092 1314 S.
2109 1282 2195 1314 Mar-

596 1333 661 1364 tini
679 1335 710 1364 et
729 1334 770 1365 de
784 1334 956 1374 Parazago
983 1342 1020 1365 ac
1038 1334 1078 1365 de
1095 1333 1251 1371 Pontide‚
1270 1333 1328 1374 qui
1355 1342 1391 1365 se
1414 1333 1650 1365 subduxerunt
1672 1334 1713 1365 ab
1736 1334 1930 1366 obedientia
1946 1334 2081 1366 Mathaei
2098 1335 2196 1367 Vice-

598 1386 734 1418 comitis
753 1388 786 1418 et
805 1386 961 1419 homines
983 1387 1082 1427 burgi
1107 1388 1140 1418 et
1155 1386 1289 1427 riperiae
1306 1387 1424 1425 Leuci,
1439 1396 1476 1418 ac
1491 1386 1694 1426 plebanatus
1715 1387 1756 1419 de
1772 1387 1902 1425 Incino,
1920 1387 2145 1420 Mediolanen.
2163 1390 2195 1420 et

597 1440 797 1480 pergamen.
825 1440 885 1476 di„
901 1441 960 1480 qui
982 1449 1018 1472 se
1033 1440 1214 1472 intendunt
1231 1439 1418 1471 subducere
1435 1439 1476 1471 ab
1492 1439 1685 1471 obedientia
1703 1441 1874 1480 praedicta,
1890 1449 1957 1472 non
1979 1441 2195 1473 includantur

597 1493 634 1524 in
660 1493 840 1525 sententiis
855 1494 1023 1525 contentis
1043 1494 1079 1525 in
1097 1493 1315 1534 processibus
1331 1493 1430 1525 factis
1446 1494 1563 1525 contra
1582 1494 1710 1525 dictum
1725 1494 1917 1529 Mamaeum,
1938 1494 2146 1526 adhaerentes
2162 1496 2194 1527 et

597 1546 794 1578 obedientes
821 1547 942 1580 eidem.
959 1565 997 1570 -
1013 1548 1041 1579 I.
1059 1556 1088 1579 e.
1103 1556 1149 1578 m.
1175 1547 1346 1587 archiep.o
1361 1547 1586 1579 Mediolanen.
1614 1547 1665 1587 (V.
1692 1549 1741 1585 70,
1760 1556 1812 1587 ep.
1828 1549 1867 1579 64
1885 1547 1922 1578 de
1943 1557 2006 1579 cur.
2021 1557 2029 1585 ;
2045 1548 2191 1586 Riezler,

603 1599 814 1631 Vacikanisclee
832 1600 941 1635 Alelen,
955 1609 988 1640 p.
1006 1602 1076 1638 103,
1091 1609 1123 1632 n.
1141 1600 1226 1640 186).

643 1650 776 1682 12093.
795 1671 834 1676 -
848 1654 1016 1695 Archiep.o
1041 1653 1310 1694 Caesarauqustan.
1330 1653 1443 1684 mand.
1462 1655 1498 1685 ut
1513 1653 1676 1684 ecclesias
1702 1653 1826 1693 quond.
1846 1653 1918 1684 ord.
1940 1653 2072 1694 Templi
2095 1654 2130 1685 in
2146 1654 2191 1685 di.

596 1707 889 1747 caesaraugustan.
916 1707 1133 1744 constitutas,
1150 1716 1236 1747 quas
1260 1707 1418 1739 Clemens
1439 1707 1505 1738 PP.
1521 1707 1551 1738 V
1567 1706 1738 1741 Eximino,
1762 1707 1842 1737 tunc
1859 1715 1934 1746 ep.0
1958 1707 2193 1747 Caesaraugus-

596 1761 678 1796 tan.,
695 1761 989 1792 commendaverat
1004 1769 1156 1801 quasque
1172 1761 1217 1791 id.
1236 1760 1418 1791 Eximinus
1434 1760 1558 1791 nedum
1574 1759 1763 1790 rectoribus
1782 1759 1823 1790 ab
1839 1759 1957 1791 eodem
1974 1759 2067 1799 Papa
2088 1760 2128 1791 de
2145 1761 2191 1800 ip-

596 1813 645 1845 sis
661 1814 822 1853 provisis,
841 1814 900 1845 sed
915 1814 1018 1845 etiam
1035 1813 1134 1845 fratri
1150 1814 1296 1845 Marttno
1313 1813 1406 1844 Petri
1419 1813 1460 1844 de
1475 1814 1557 1851 Ros,
1577 1813 1648 1843 ord.
1665 1812 1846 1852 hospitalis
1859 1821 1887 1843 s.
1904 1813 2046 1844 Joannis
2061 1814 2192 1845 Jeroso-

595 1866 755 1902 limitan.,
783 1868 955 1907 Empostae
979 1867 1178 1902 castellano,
1203 1867 1262 1906 qui
1277 1866 1350 1898 loco
1368 1866 1493 1906 prioris
1509 1866 1545 1896 in
1569 1865 1724 1905 partibus
1744 1866 1815 1896 illis
1843 1865 1997 1905 habetur,
2012 1866 2192 1898 restituere

595 1921 786 1961 denegavit,
804 1921 845 1952 ad
862 1929 983 1952 manus
999 1929 1080 1952 suas
1099 1921 1233 1952 revocet
1245 1929 1322 1951 cum
1338 1919 1506 1951 fructibus
1522 1919 1671 1950 indebite
1685 1919 1867 1958 perceptis,
1885 1920 1917 1950 et
1935 1919 2064 1951 fructus
2090 1919 2192 1950 unius

594 1975 674 2006 anni
690 1975 749 2014 qui
766 1974 915 2014 percepti
931 1974 1068 2005 fuerunt
1083 1973 1125 2005 ad
1142 1974 1319 2005 Cameram
1334 1974 1442 2012 apost.
1459 1972 1680 2004 transmittat.
1702 1974 1711 2008 (
1720 1972 1756 2004 V.
1774 1973 1823 2010 70,
1842 1981 1894 2012 ep.
1914 1973 1953 2003 72
1974 1972 2010 2003 de
2025 1975 2103 2012 cur.)

640 2022 776 2055 12094.
796 2043 835 2048 -
854 2025 960 2055 Priori
983 2024 1083 2056 Praed.
1103 2029 1130 2055 et
1150 2023 1330 2055 Guardiano
1353 2023 1429 2055 Min.
1448 2023 1582 2064 fratrum
1604 2022 1684 2058 ord.,
1701 2023 1817 2053 Lucan.
1836 2022 1891 2060 di„
1910 2023 2023 2054 mand.
2042 2024 2079 2054 ut
2105 2022 2192 2054 bona

594 2079 714 2111 Fulchi
738 2079 885 2115 Rustici,
911 2078 996 2109 civis
1013 2078 1153 2116 Lucan„
1172 2087 1246 2118 quae
1267 2076 1474 2117 pauperibus
1492 2076 1687 2107 indistincte
1706 2076 1873 2116 legantur,
1891 2076 1958 2107 sibi
1973 2077 2010 2107 E.
2031 2077 2192 2108 Romanae

593 2133 728 2164 nomine
757 2132 882 2163 faciant
900 2132 1070 2172 assignari
1095 2133 1127 2163 et
1152 2131 1353 2163 rescribant.
1379 2130 1431 2170 (V.
1455 2131 1505 2168 70,
1523 2139 1576 2170 ep.
1597 2131 1635 2161 75
1654 2130 1685 2161 Α
1707 2129 1744 2160 de
1763 2138 1847 2166 cur.;
1874 2129 1992 2166 Eubel,
2015 2129 2190 2160 Bullarium

592 2186 848 2223 Franciscanum,
865 2187 890 2216 t.
912 2186 951 2222 V,
969 2194 1002 2226 p.
1024 2186 1093 2222 184,
1111 2193 1144 2216 n.
1161 2186 1248 2224 398.)

637 2236 773 2269 12095.
796 2258 834 2262 —
853 2238 944 2269 Eisd.
962 2239 1075 2270 mand.
1095 2238 1141 2269 id.
1158 2247 1219 2278 pro
1245 2237 1344 2269 bonis
1362 2237 1487 2277 quond.
1505 2236 1607 2268 Labri
1624 2236 1787 2276 Vulpelli,
1813 2236 1899 2267 civis
1915 2237 2054 2274 Lucan,
2075 2236 2133 2276 qui
2150 2236 2190 2267 de

591 2293 798 2333 quibusdam
816 2292 963 2323 summis
988 2292 1030 2323 ad
1047 2292 1086 2323 E.
1105 2292 1146 2323 R.
1165 2292 1283 2331 spect„
1301 2299 1386 2331 quas
1408 2289 1535 2330 injuste
1560 2290 1745 2329 receperat,
1771 2288 1921 2320 debitam
1938 2289 2077 2328 cupiens
2095 2290 2191 2319 satis-

590 2345 772 2378 factionem
796 2346 1004 2385 impendere,
1023 2345 1137 2376 omnia
1160 2344 1250 2375 bona
1267 2353 1330 2375 sua
1347 2343 1455 2384 ejusd.
1475 2343 1555 2374 eccl.
1576 2351 1716 2373 camerae
1738 2342 1874 2382 legavit.
1903 2341 1955 2381 (V.
1973 2343 2023 2378 70,
2039 2350 2092 2380 ep.
2111 2343 2149 2373 75
2165 2343 2190 2373 B

590 2399 626 2430 de
640 2409 722 2436 cur.;
738 2399 860 2436 Eubel,
873 2398 965 2438 ibid.)

636 2450 771 2483 12096.
798 2471 835 2475 -
860 2451 951 2483 Eisd.
972 2451 1084 2483 mand.
1109 2452 1146 2482 ut
1167 2451 1304 2490 exigant
1326 2450 1367 2481 ab
1383 2449 1574 2481 haeredibus
1595 2448 1675 2480 Geri
1693 2449 1733 2479 de
1750 2448 1916 2482 Fondora,
1937 2447 2022 2478 civis
2047 2447 2186 2480 Lucan,

588 2506 643 2538 vel
657 2506 698 2537 ab
717 2504 957 2537 executoribus
982 2505 1068 2545 ejus,
1088 2505 1182 2536 6.000
1204 2504 1277 2535 flor.
1297 2503 1372 2534 auri
1394 2503 1432 2534 E.
1451 2503 1491 2534 R.
1510 2502 1710 2542 legatorum.
1730 2500 1782 2541 (V.
1799 2502 1850 2538 70,
1871 2509 1922 2539 ep.
1942 2501 1980 2531 75
1997 2499 2033 2534 C,
2052 2499 2088 2530 de
2103 2509 2186 2536 cur.;

589 2559 707 2595 Eubel‚
725 2558 816 2598 ibid.)

635 2609 769 2642 12097.
788 2629 824 2635 -—
842 2610 1020 2642 Guillelmus
1034 2610 1118 2651 Rufi,
1136 2609 1388 2640 hebdomadarius
1408 2608 1480 2639 eccl.
1499 2608 1672 2643 Mimaten.,
1686 2606 1889 2646 subrogatur
1906 2604 2029 2636 ,Ioanni
2051 2604 2186 2636 Pauleti

589 2674 692 2704 super
709 2665 924 2705 inquirendis
941 2664 1040 2695 bonis
1057 2663 1199 2695 Arnatdi
1217 2662 1383 2697 Pascalis,
1401 2670 1473 2693 can.
1492 2662 1714 2696 Xanctonen.,
1732 2659 1766 2690 in
1785 2665 1915 2690 carcere
1934 2657 2073 2695 detenti,
2090 2658 2122 2688 et
2136 2666 2188 2688 re-

588 2718 755 2758 cipiendis
771 2717 855 2749 eisd.
874 2717 927 2756 (V.
954 2718 1003 2754 70,
1023 2725 1075 2756 ep.
1094 2718 1145 2754 65,
1164 2716 1201 2746 de
1215 2724 1302 2751 cur.;
1322 2713 1449 2750 Coulon,
1469 2723 1500 2745 n.
1520 2715 1622 2752 1071.)

635 2767 768 2800 12098.
793 2788 832 2794 —-
850 2770 966 2800 loanni
990 2769 1061 2800 duci
1077 2769 1253 2799 Britannice
1273 2773 1300 2798 et
1321 2767 1510 2808 officialibus
1530 2776 1587 2807 per
1602 2764 1802 2801 Lemovicen„
1826 2762 2002 2798 Catanen„
2031 2761 2183 2798 Tolosam,

589 2823 747 2854 Pictaven.
761 2828 789 2854 et
803 2823 997 2853 Xanctonen.
1013 2823 1097 2854 civit.
1113 2827 1140 2853 et
1152 2822 1196 2852 di.
1210 2831 1244 2852 ac
1259 2821 1338 2851 alias
1354 2824 1459 2861 partes
1475 2819 1561 2860 reqm'
1575 2818 1719 2849 Franciae
1732 2816 1906 2847 constitutis
1917 2816 2028 2847 mand.
2047 2816 2083 2847 ut
2096 2815 2184 2847 dicto

587 2876 772 2909 Guillelmo
793 2876 833 2908 de
852 2885 971 2907 securo
986 2875 1153 2907 conductu
1171 2874 1380 2915 provideant.
1400 2873 1453 2912 (V.
1471 2874 1521 2909 70,
1538 2881 1589 2911 ep.
1607 2873 1658 2906 66,
1676 2870 1713 2901 de
1726 2879 1811 2907 cur.;
1831 2868 1959 2906 Conlon,
1976 2877 2009 2900 n.
2028 2869 2133 2908 1072.)

634 2926 768 2958 12099.
787 2946 823 2951 -
837 2927 1013 2960 Berlrando
1029 2928 1079 2958 tit.
1095 2938 1120 2958 s.
1136 2926 1274 2957 Marcelli
1286 2925 1388 2967 presb.
1406 2925 1503 2963 card.‚
1521 2925 1560 2955 A.
1576 2924 1610 2955 S.
1626 2923 1737 2964 laqueo,
1754 2922 1946 2954 conceditur
1960 2922 2049 2962 quod
2062 2921 2182 2961 possit,

589 2991 650 3014 sua
661 2982 828 3023 legatione
840 2982 995 3018 durante,
1010 2981 1116 3020 loqui,
1134 2981 1278 3012 tractare
1294 2981 1326 3011 et
1343 2979 1556 3019 participare,
1575 2977 1676 3009 etiam
1694 2985 1770 3008 cum
1783 2974 2040 3007 celebrabuntur
2056 2974 2182 3011 divina,
