2566 3562
357 285 414 316 194

382 372 484 399 natum
514 362 698 398 Avenione.

393 788 406 814 4
428 785 510 822 (kal.)
528 788 583 812 oct.
603 783 691 812 1320.

486 829 516 857 Τ.
538 828 594 856 XL.

503 1051 539 1078 Ut
556 1058 580 1078 s.

471 1096 502 1123 T.
518 1095 612 1123 xxiv.

506 1370 542 1398 Ut
558 1378 581 1397 s.

475 1415 506 1441 T.
521 1413 616 1441 XXIV.

508 1476 545 1503 Ut
561 1484 585 1503 s.

493 1521 524 1547 T.
546 1520 604 1547 XX.

504 1794 539 1821 Ut
565 1802 588 1820 s.

492 1838 523 1864 T.
544 1838 601 1865 XX.

508 2006 545 2033 Ut
564 2014 587 2032 s.

378 2379 395 2406 2
409 2382 451 2414 (vr
466 2379 547 2411 non.)
562 2381 616 2406 oct.
633 2377 721 2405 1320.

479 2423 509 2450 Τ.
524 2423 618 2450 XXIV.

374 2592 394 2619 3
408 2591 438 2627 (v
459 2594 538 2625 non.)
560 2594 612 2619 oct.
636 2590 725 2619 1320.

497 2636 527 2663 T.
549 2636 604 2664 LX.

511 2910 547 2937 Ut
567 2918 590 2936 s.

443 2953 487 2981 Gr.
506 2962 557 2988 pro
573 2954 650 2981 card.

750 275 923 308 JOANNIS
946 274 1065 305 PAPAE
1085 273 1188 304 xxn.
1213 273 1462 314 (1816-1884).
1486 289 1525 296 —
1547 271 1734 303 LITTERAE
1756 271 1982 304 COMMUNES

784 464 997 495 fundatorem
1015 464 1047 494 et
1069 462 1143 502 ejus
1159 470 1300 494 uxorem
1317 461 1358 494 de
1375 461 1522 502 quodam
1541 461 1724 502 burgargio
1746 461 1781 493 in
1801 461 1893 493 civit.
1917 460 2118 499 Duhlinen„
2139 462 2173 494 et
2189 469 2250 502 per
2267 460 2386 502 plures

783 517 870 549 alios
893 517 932 548 de
951 516 1098 547 diversis
1121 514 1387 556 proprietatibus
1407 516 1440 547 et
1461 514 1622 547 censibus
1640 515 1676 547 in
1697 514 1787 547 dicto
1806 513 1986 556 privilegio
2007 514 2183 555 expressis
2203 514 2322 547 factae:
2346 521 2388 546 ac

783 569 1012 602 conceduntur
1029 569 1166 600 diversa
1183 568 1315 600 indulta
1326 577 1336 604 3
1356 567 1415 608 qui
1433 567 1572 608 quidem
1589 567 1754 608 magister
1773 569 1807 600 et
1830 567 1956 599 fratres
1975 567 2019 599 ad
2035 567 2201 599 indicium
2220 567 2387 608 percepta

783 622 950 655 libertatis
970 630 1072 654 unam
1090 621 1227 653 unciam
1242 621 1317 652 auri
1335 620 1434 661 Papae
1450 621 1483 652 et
1504 620 1579 661 ejus
1596 620 1853 653 successoribus
1866 619 2062 661 persolvere
2077 621 2245 653 tenentur.
2262 619 2317 660 (A.
2337 620 2387 656 u,

783 677 807 707 f.
834 676 918 714 12b3
945 675 977 706 V.
1001 677 1050 713 71,
1081 684 1134 715 ep.
1167 676 1208 707 45
1222 684 1231 711 3
1261 674 1420 712 Theiner,
1443 674 1642 705 Monumenta
1667 673 1874 705 Hibemomm
1899 678 1929 705 et
1952 673 2128 711 Scotorum,
2152 682 2186 714 p.
2211 675 2284 712 214,
2310 673 2386 706 doc.

783 729 1105 767 CCCCXXXVIII.)

831 779 967 813 12436.
986 800 1025 806 -
1039 780 1259 822 Dispensatio
1273 790 1377 821 super
1394 781 1640 821 impedimento
1654 780 1798 822 Justitiae
1815 780 1959 821 publicae
1974 780 2165 813 honestatis
2182 780 2219 812 in
2235 779 2387 813 matrim.

769 832 852 877 'Jam
869 845 889 868 a
902 838 940 868 13
956 836 1055 868 annis
1070 836 1241 867 contracto
1257 834 1345 866 inter
1359 844 1391 865 η.
1407 844 1437 865 υ.
1449 834 1598 866 loannem
1613 834 1650 866 de
1664 834 1840 876 Bremeqlt„
1854 834 2016 866 comitem
2030 834 2071 866 de
2086 833 2234 872 Louech,
2250 835 2284 866 et
2295 843 2329 864 n.
2344 843 2387 867 m.

784 890 947 921 Avelae'nam
959 889 1058 930 filiam
1079 887 1229 920 Riccardi
1243 887 1281 919 de
1296 886 1410 929 Burqo,
1426 888 1564 919 comitis
1579 888 1731 920 Ulconiae
1753 889 1785 920 et
1801 887 1874 919 d.ni
1894 887 2096 925 Comachiae,
2110 895 2271 919 concessa
2289 895 2332 919 ne
2346 895 2391 919 ex
2417 883 2419 887 ’

784 943 999 983 separatione
1027 942 1108 974 dicti
1124 941 1275 973 matrim.
1293 941 1400 973 totius
1414 940 1588 973 Hiberniae
1604 942 1712 973 status
1726 940 1895 979 turbetur,
1913 949 1991 972 cnm
2010 940 2080 972 sint
2094 940 2174 972 hinc
2183 939 2262 972 inde
2275 939 2318 972 de
2330 947 2391 980 po-

785 996 991 1028 tentioribus
1009 995 1164 1036 eiusdem
1184 996 1296 1026 terrae.
1313 994 1367 1033 (A.
1387 995 1436 1031 14,
1450 994 1474 1025 f.
1493 995 1531 1026 15
1546 999 1577 1031 *ς
1601 993 1636 1025 V.
1653 996 1704 1032 71,
1727 1003 1780 1034 ep.
1800 993 1866 1035 46.)

833 1046 969 1078 12437.
986 1066 1024 1071 -
1041 1048 1224 1080 Absolutio
1242 1056 1262 1078 a
1275 1047 1385 1088 poenis
1399 1049 1433 1079 et
1450 1047 1631 1079 sententiis
1643 1047 1680 1078 in
1693 1047 1934 1079 constitutione
1947 1055 2050 1087 super
2063 1046 2188 1087 plural.
2202 1045 2316 1078 benef.
2329 1053 2389 1078 nu-

785 1111 846 1142 per
864 1103 955 1134 edita
969 1102 1137 1134 contentis
1152 1110 1212 1141 per
1227 1100 1374 1131 Jacobum
1389 1099 1506 1131 Solatii
1519 1103 1687 1132 rectorem
1705 1099 1841 1141 paroch.
1859 1100 1941 1132 eccl.
1957 1100 1998 1132 de
2013 1092 2116 1138 Nant,
2131 1099 2310 1132 carnoten.
2326 1098 2388 1138 di..

786 1156 936 1187 incursis
951 1164 994 1187 ex
1010 1164 1048 1186 eo
1061 1154 1151 1195 quod
1165 1154 1364 1186 decanatum
1378 1153 1528 1185 ruralem
1541 1154 1582 1185 de
1596 1153 1746 1194 Braj0to‚
1764 1153 1917 1194 ejusdem
1927 1153 1989 1190 di.,
2002 1161 2064 1194 per
2078 1161 2157 1185 eum
2167 1152 2283 1194 vigore
2293 1151 2392 1185 dicto

787 1208 1042 1240 constitutionis
1060 1208 1242 1239 dimissum
1259 1207 1378 1247 postea
1393 1207 1578 1246 receperat,
1594 1214 1672 1238 cum
1688 1206 1840 1246 dispens.
1859 1207 1898 1238 ut
1913 1206 2039 1238 dictam
2062 1206 2199 1247 paroch.
2213 1205 2296 1238 eccl.
2312 1213 2391 1238 cum

787 1263 905 1294 eodem
935 1261 1110 1298 decanatu,
1139 1269 1240 1301 quem
1269 1260 1335 1291 eid.
1356 1259 1436 1291 eccl.
1455 1260 1522 1291 ΡΡ.
1540 1260 1662 1297 univit,
1679 1259 1826 1291 retinere
1849 1259 1970 1292 valeat.
1984 1250 2039 1300 (Ά.
2059 1260 2108 1295 14,
2130 1258 2154 1290 f.
2174 1260 2214 1291 15
2227 1258 2242 1280 b
2252 1269 2263 1296 3
2283 1257 2322 1290 V.
2338 1259 2390 1296 71,

788 1324 841 1355 ep.
863 1316 927 1354 49.)
2167 1316 2171 1319 “

835 1365 971 1398 12438.
987 1386 1025 1390 -
1039 1367 1129 1400 Unio
1145 1367 1329 1398 decanatus
1343 1365 1470 1397 ruralis
1481 1365 1522 1397 de
1534 1365 1684 1405 Brajoto‚
1703 1365 1883 1397 Carnoten.
1902 1365 1963 1403 di.,
1975 1365 2049 1406 (100
2062 1365 2126 1397 sol.
2142 1365 2237 1405 tur.),
2254 1364 2392 1406 paroch.

788 1422 870 1453 eccl.
890 1422 930 1452 de
946 1421 1048 1458 Nant,
1065 1420 1228 1460 ejusdem.
1248 1419 1294 1451 di.
1311 1419 1364 1459 (A.
1384 1421 1433 1456 14,
1452 1419 1474 1449 f.
1491 1420 1530 1451 16
1547 1424 1579 1455 ⁸3
1601 1418 1636 1450 V.
1653 1421 1704 1457 71,
1722 1427 1776 1459 ep.
1792 1420 1857 1457 50.)

835 1471 970 1504 12439.
988 1492 1027 1498 -
1042 1473 1172 1504 Arc-hid.
1199 1473 1378 1510 Cacumen„
1396 1476 1425 1502 et
1443 1476 1524 1503 cant.
1549 1471 1730 1510 Carnoten„
1747 1481 1783 1503 αι·
1799 1471 1931 1503 Sicardo
1948 1471 1986 1503 de
2006 1471 2111 1503 Vauro
2133 1481 2204 1503 can.
2227 1471 2393 1504 Catmen.

790 1528 861 1559 eccl.
880 1528 994 1559 mand.
1012 1529 1050 1559 ut
1078 1527 1288 1558 Bernardum
1303 1525 1471 1566 {Stephani
1489 1525 1557 1557 ΡΡ.
1584 1525 1691 1557 famil.
1718 1525 1905 1557 immittant
1931 1525 1968 1556 in
1985 1522 2240 1565 possessionem
2255 1524 2392 1565 paroch.

791 1582 871 1613 eccl.
901 1582 941 1612 de
969 1581 1163 1618 Samatano,
1192 1579 1406 1611 Lomberien.
1423 1579 1484 1617 di.,
1503 1581 1580 1619 post
1599 1578 1681 1610 obit.
1701 1578 1879 1611 Guillelm'i
1900 1578 2097 1619 Raymundi
2112 1578 2154 1610 de
2169 1577 2280 1617 Urtio,
2293 1577 2331 1611 S.
2349 1578 2394 1611 A.

791 1644 877 1675 cap„
897 1635 1027 1666 collatae
1043 1634 1154 1665 eidem
1167 1633 1355 1671 Bernardo,
1371 1641 1438 1664 non
1456 1632 1543 1664 obst.
1562 1632 1623 1664 lite
1637 1631 1806 1672 pendente
1825 1632 1914 1663 inter
1929 1632 2045 1672 ipsum
2061 1633 2095 1663 et
2108 1631 2333 1664 Guillelmum
2351 1631 2394 1664 de

791 1689 909 1720 Manso
926 1688 985 1728 qui
1002 1676 1170 1727 praetextu
1187 1686 1299 1718 collat.
1315 1687 1368 1726 {de
1393 1685 1601 1726 archipresb.
1625 1686 1733 1726 ejusd.
1750 1685 1815 1717 loci
1838 1685 1878 1717 de
1893 1686 2076 1718 Samatano
2091 1686 2179 1717 auct.
2197 1686 2308 1725 apost.
2327 1684 2396 1717 sibi

790 1742 885 1773 factae
901 1741 1079 1781 praetendit
1096 1741 1137 1772 ad
1152 1749 1188 1772 se
1209 1740 1249 1771 de
1259 1740 1335 1780 jure
1351 1740 1476 1771 dictam
1493 1739 1573 1771 eccl.
1592 1739 1774 1779 pertinere.
1792 1739 1844 1779 (A.
1859 1740 1908 1777 14,
1922 1738 1945 1770 t'.
1958 1740 1996 1770 17
2009 1744 2038 1775 ·;
2060 1738 2096 1771 V.
2115 1740 2166 1776 71,
2183 1746 2236 1778 ep.
2249 1737 2317 1779 52.)

838 1792 973 1824 12440.
994 1812 1026 1817 -
1043 1794 1130 1835 Ep.o
1156 1793 1255 1824 Vicen.
1277 1793 1390 1825 mand.
1408 1794 1445 1824 ut
1468 1801 1504 1823 se
1521 1792 1682 1824 informet
1699 1796 1732 1823 et
1749 1791 1874 1823 referat
1889 1800 1993 1832 super
2009 1792 2134 1823 unione
2157 1791 2331 1832 prioratus
2353 1790 2396 1824 de

792 1849 1050 1884 Montcserrat0‚
1068 1847 1107 1878 O.
1127 1847 1160 1878 S.
1176 1847 1227 1884 B.‚
1244 1846 1362 1878 Vicen.
1381 1846 1441 1881 di.,
1458 1854 1519 1886 per
1537 1845 1702 1877 Jacobum
1718 1853 1833 1885 regem
1848 1846 2045 1885 Aragonum
2061 1845 2167 1885 petita
2185 1844 2300 1877 favore
2315 1843 2393 1877 abb.

793 1903 938 1932 monast.
957 1901 997 1932 de
1019 1900 1217 1940 Rivopullo,
1235 1900 1277 1930 ad
1294 1900 1336 1931 R.
1363 1900 1401 1930 E.
1419 1898 1514 1930 nullo
1535 1898 1647 1930 medio
1670 1898 1808 1938 pertin„
1835 1898 2002 1930 dictorum
2029 1897 2100 1930 ord.
2130 1899 2164 1930 et
2189 1897 2236 1930 di.
2264 1897 2318 1938 (A.
2345 1899 2395 1936 15,

793 1955 815 1984 f.
836 1956 895 1986 559
911 1954 940 1990 ἲ),
964 1953 999 1984 V.
1015 1955 1065 1990 72,
1083 1962 1135 1992 ep.
1153 1953 1258 1991 1652.)
2152 1947 2155 1949 ’

839 2004 975 2036 12441.
992 2024 1030 2029 -—
1047 2006 1217 2046 Archiep.o
1235 2005 1407 2042 Arelatem,
1425 2009 1454 2035 et
1469 2004 1632 2036 Guillelmo
1654 2003 1691 2035 de
1716 2003 1788 2035 Oreo
1807 2014 1842 2034 ac
1856 2003 2009 2034 Ademaro
2025 2003 2108 2043 Jori,
2124 2014 2193 2035 can.
2213 2003 2396 2036 δῖαν-σωθη-

794 2065 868 2093 ten..
881 2060 993 2090 mund.
1007 2061 1047 2090 ut
1063 2059 1116 2090 off.
1129 2058 1313 2090 cellerariae
1326 2060 1471 2089 monast.
1484 2058 1524 2088 de
1539 2057 1726 2095 Issiodoro,
1739 2057 1778 2089 O.
1791 2057 1824 2088 S.
1838 2057 1890 2095 B.,
1901 2057 2154 2089 Claromonten.
2169 2057 2229 2095 di.,
2240 2066 2302 2098 per
2312 2057 2396 2090 obit.

793 2113 971 2144 Bertrandi
986 2112 1168 2149 Morriolae‚
1186 2111 1293 2151 ejusd.
1311 2112 1456 2143 monast.
1472 2119 1577 2146 mon.,
1592 2110 1627 2141 in
1642 2110 1735 2142 civit.
1751 2110 1994 2151 Burdegalen.‚·
2002 2110 2083 2150 dum
2096 2109 2224 2142 ibidem
2238 2110 2398 2143 Clemens

794 2167 860 2197 ΡΡ.
890 2167 920 2197 V
947 2175 1021 2196 cum
1045 2166 1200 2196 Romana
1216 2165 1310 2195 curia
1329 2164 1504 2200 resideret,
1533 2163 1695 2201 defuncti,
1717 2172 1770 2203 ap.
1795 2164 1830 2196 S.
1858 2165 1899 2195 A.
1918 2172 2003 2202 vac„
2027 2163 2203 2195 conferant
2216 2164 2340 2196 Joanni
2354 2164 2397 2197 (le

793 2220 912 2251 Cortes
938 2219 1042 2258 priori
1058 2218 1234 2249 claustrali
1257 2218 1365 2258 eJ'usd.
1388 2218 1546 2254 monast,
1574 2217 1632 2256 qui
1650 2217 1690 2248 de
1717 2216 1885 2248 ortalania
1903 2218 1937 2248 et
1956 2218 2029 2248 orto
2043 2216 2206 2248 cimiterii
2222 2217 2343 2256 clausi,
2358 2225 2398 2250 ac

795 2275 891 2312 prato
916 2273 957 2303 de
979 2272 1135 2308 Latrilla,
1159 2273 1192 2303 et
1213 2271 1363 2311 hospitio
1386 2270 1570 2302 cellerariae
1594 2270 1702 2310 eJ'usd.
1727 2272 1872 2301 monast.
1895 2279 1931 2301 se
1956 2270 2080 2302 asserit
2101 2270 2286 2310 spoliatum
2308 2278 2396 2303 esse.

792 2326 846 2366 (A.
866 2327 915 2362 15,
931 2325 953 2356 f.
970 2326 1030 2357 562
1043 2325 1072 2361 ὓ,
1097 2324 1129 2354 V.
1150 2325 1201 2362 72,
1219 2333 1271 2364 ep.
1289 2323 1393 2363 1676.)

840 2375 974 2407 12442.
995 2396 1034 2401 -
1050 2378 1164 2409 Mand.
1180 2387 1250 2418 ep.o
1266 2375 1498 2417 Petraqoricen.
1516 2378 1553 2408 ut
1569 2376 1761 2416 acquiescat
1772 2376 1898 2408 litteris
1910 2376 1978 2416 ipsi
1992 2384 2053 2416 per
2067 2377 2294 2408 Bertrandum
2305 2377 2394 2410 S-M.

793 2432 828 2463 in
845 2432 975 2472 Aquiro
990 2431 1076 2462 diac.
1096 2431 1187 2462 card.
1205 2431 1246 2462 de
1261 2431 1361 2470 Papae
1378 2429 1586 2462 conscientia
1607 2430 1726 2461 missis
1744 2430 1833 2461 circa
1849 2429 2055 2462 solutionem
2069 2431 2199 2470 quartae
2212 2430 2323 2470 partis
2338 2429 2396 2462 de-

793 2486 889 2516 cimae
905 2494 965 2525 per
979 2484 1222 2524 Raymundum
1241 2493 1353 2524 ep.um
1382 2483 1548 2515 Sarlaten.
1567 2483 1688 2515 debitae
1709 2484 1742 2515 et
1759 2483 1920 2523 Philippo
1938 2483 2009 2523 regi
2022 2483 2174 2515 Franciae
2190 2492 2251 2523 per
2266 2483 2396 2524 Papam

792 2547 969 2570 concessae.
990 2538 1042 2576 (A.
1064 2540 1112 2574 14,
1131 2538 1155 2568 f.
1169 2539 1208 2569 57
1226 2537 1259 2574 ¹³;
1282 2537 1318 2568 V.
1345 2539 1396 2574 71,
1415 2546 1467 2577 ep.
1485 2536 1552 2572 25.)

839 2588 974 2621 12443.
991 2609 1029 2614 -
1043 2591 1191 2622 Isernien.
1210 2595 1239 2621 et
1256 2590 1438 2621 Suessanen.
1451 2590 1527 2630 ep.is
1540 2590 1653 2621 mand.
1668 2591 1717 2626 ut,
1734 2589 1764 2620 si
1780 2589 1976 2621 canonicam
1994 2589 2183 2630 repererint
2199 2590 2233 2621 et
2250 2589 2292 2621 de
2305 2597 2396 2630 pets.

793 2646 914 2676 idonea
927 2644 1143 2681 celebratam,
1160 2644 1360 2676 confirment
1373 2644 1574 2675 electionem
1588 2643 1723 2674 Mathaei
1737 2643 1778 2674 de
1797 2643 1923 2683 Capua,
1943 2643 1982 2675 Ο.
1999 2643 2038 2674 F.
2058 2642 2120 2680 Μ.,
2138 2642 2172 2674 in
2189 2642 2400 2683 archiep.um

793 2699 874 2730 eccl.
895 2698 1086 2731 Surrentin.
1103 2707 1163 2738 per
1180 2697 1311 2729 obitum
1329 2697 1467 2729 Ricardi
1496 2705 1567 2728 vac.
1591 2696 1702 2734 electi,
1728 2705 1747 2728 a
1773 2695 1947 2736 personali
1965 2696 2211 2736 comparitione
2229 2696 2395 2735 excusati,

793 2752 923 2783 consid.
940 2752 1057 2783 Mariae
1077 2751 1202 2791 reginae
1215 2750 1340 2783 Siciliae
1356 2751 1389 2782 ct
1408 2749 1522 2781 Caroli
1536 2749 1756 2790 primogeniti
1769 2748 1912 2781 Roherti
1927 2749 2018 2789 regis
2033 2748 2177 2786 Siciliae,·
2189 2749 2287 2781 ducis
2301 2748 2397 2782 Cala·

793 2805 886 2841 briae,
904 2813 1050 2845 quorum
1066 2804 1241 2844 obsequiis
1256 2803 1397 2834 insistit.
1418 2802 1469 2842 (A.
1489 2805 1538 2839 14,
1553 2802 1576 2833 f.
1593 2803 1690 2840 167¹›;
1708 2803 1749 2835 V.
1765 2804 1816 2839 71,
1829 2803 1971 2843 6Ρμ304ς
1989 2801 2109 2840 Eubel,
2129 2812 2180 2843 op.
2196 2802 2262 2838 cit„
2273 2811 2308 2842 p.
2327 2803 2398 2841 191,

794 2867 826 2889 n.
847 2859 933 2896 409.)
973 2857 976 2861 '

841 2907 976 2940 12444.
996 2927 1034 2945 -,
1054 2909 1218 2941 Tusculum.
1241 2914 1270 2940 et
1301 2909 1482 2941 Urbevetan.
1508 2909 1583 2950 ep.i‚
1608 2918 1643 2940 ac
1659 2908 1752 2939 abbas
1778 2913 1907 2940 monast.
1922 2918 1948 2939 s.
1963 2907 2067 2939 Blasii
2083 2908 2116 2938 in
2133 2907 2345 2949 Camposecuti
2362 2907 2400 2939 de

797 2962 876 2995 Urbe
891 2964 1013 2995 dantur
1031 2965 1068 2995 ut
1081 2963 1215 3004 judices
1237 2963 1494 2995 conservatores
1515 2962 1706 3002 Napoleoni
1728 2970 1756 2993 s.
1775 2961 1918 2993 Adriani
1936 2961 2022 2994 diac.
2039 2961 2144 2996 card.,
2161 2960 2398 3002 archipresby-
