2566 3562
580 303 752 335 JOANNIS
776 304 894 335 PAPAE
916 304 1017 334 XXII.
1042 305 1290 343 (1316-1334).
1313 320 1351 325 —-
1372 303 1558 333 LITTERAE
1580 302 1805 334 COMMUNES
2141 306 2198 336 149

208 394 312 421 natum
335 387 517 422 Avenione.

176 494 195 522 4
212 497 247 530 (11
263 494 345 530 non.)
364 498 433 530 sept.
456 493 544 522 132⁰.
649 491 784 523 11998.
804 513 843 516 —
860 495 885 526 Ι.
907 503 935 525 e.
961 503 1005 525 m.
1021 494 1191 535 archiepo,
1210 499 1238 524 et
1254 494 1344 524 Nune
1362 493 1543 524 Gundisalvi
1557 494 1594 524 de
1611 493 1797 532 Bendamea,
1817 504 1852 524 ac
1871 494 2059 526 Gundisalvo
2083 495 2198 527 Garsiae

603 546 640 578 de
650 547 799 584 Inctonis,
814 557 882 578 can.
898 546 1189 588 Composlellanen.‚
1205 546 1329 587 quibus
1338 547 1440 578 etiam
1451 547 1563 578 mand.
1577 548 1614 578 ut
1627 547 1804 586 praedictos
1818 548 1909 579 cives
1918 548 1960 579 ad
1971 548 2198 581 obedientiam

603 600 763 631 inducant
780 600 842 631 sub
859 609 990 632 excom.
1006 602 1039 632 et
1054 600 1226 632 interdicti
1242 600 1432 631 sententiis.
1450 601 1504 640 (A.
1519 601 1568 638 13,
1587 600 1610 631 f.
1623 601 1682 632 585
1699 600 1728 637 ¹³3
1750 600 1786 632 V.
1804 602 1853 639 70,
1873 610 1925 641 ep.
1946 603 2050 641 1376.)

321 655 357 683 Ut
378 663 401 683 s.
648 650 783 683 11999.
803 670 841 676 -
860 654 886 685 Ι.
906 662 934 686 e.
955 663 1000 684 m.
1019 664 1049 684 n.
1072 664 1102 683 υ.
1127 652 1275 694 Philippo
1292 658 1364 683 nato
1381 653 1419 684 cl.
1448 663 1505 683 me.
1529 654 1609 693 reqis
1634 653 1787 691 castellae,
1806 662 1907 694 quem
1928 654 2081 687 hortatur
2102 656 2197 696 Papa

602 707 639 738 ut
655 707 827 738 civitatem
844 715 920 738 cum
943 706 1093 738 dominio
1114 707 1147 738 et
1161 706 1398 746 jurisdictione
1417 707 1621 746 supradictis
1636 707 1776 746 praefato
1793 715 1868 747 ep.o
1885 708 2051 740 restituat.
2073 709 2126 748 (A.
2147 711 2196 747 13,

602 759 626 790 f.
642 761 702 791 585
719 759 748 796 b;
771 759 807 790 V.
826 761 876 796 70,
895 768 947 799 ep.
967 759 1069 799 1377.)

317 815 354 843 Ut
374 823 398 842 s.
648 810 784 842 12000.
802 831 840 835 -
857 813 1011 853 Rostaqno
1028 812 1184 853 archiepn
1203 812 1373 852 Neopaten.
1391 812 1611 843 remittuntur
1626 812 1756 844 fructus
1770 813 1988 846 thesaurariae
2004 816 2084 847 eccl.
2097 824 2125 846 s.
2139 817 2198 848 Ni-

283 859 315 887 T·
336 859 432 888 XXW·
601 865 688 897 colai
703 867 837 903 Baren„
852 866 893 897 ad
905 866 1016 897 collat.
1032 865 1173 897 Roberti
1182 865 1272 905 regis
1285 865 1410 896 Siciliae
1425 865 1561 904 pertin,
1579 867 1610 897 et
1621 874 1680 905 per
1691 866 1805 905 ipsum
1821 875 1934 906 regem
1949 867 2014 898 eid.
2027 868 2197 909 archiep.o

601 927 779 956 concessae,
803 919 861 958 qui
883 918 1104 950 facultatibus
1126 927 1251 949 mensae
1276 927 1345 949 suae
1369 918 1666 958 archiepiscopalis
1688 927 1747 958 per
1769 918 2003 951 schismaticos
2026 923 2198 962 occupatis

601 972 786 1003 sustentari
798 980 865 1003 non
878 972 984 1010 valet;
1001 972 1126 1003 dictam
1138 971 1386 1003 thesaurariam
1397 971 1558 1011 praefatus
1574 971 1765 1011 archiep.us
1776 972 1903 1012 absque
1917 973 2067 1013 dispens.
2086 976 2196 1015 apost.

600 1034 667 1056 una
681 1034 756 1056 cum
773 1024 972 1065 archiepisc.
987 1025 1077 1065 dign.
1095 1025 1282 1064 Neopaten.
1303 1024 1455 1056 retinuit.
1471 1025 1523 1065 (A.
1544 1026 1592 1062 13,
1608 1025 1630 1055 f.
1647 1026 1707 1056 632
1721 1024 1750 1061 bg
1775 1025 1811 1057 V.
1836 1027 1886 1063 70,
1902 1034 1954 1065 ep.
1973 1027 2078 1067 1380.)

315 1081 352 1109 Ut
372 1089 396 1108 s.
647 1075 784 1108 12001.
809 1095 849 1100 -
871 1077 948 1109 Eid.
977 1078 1127 1118 dispens.
1154 1079 1190 1109 ut
1213 1077 1442 1117 supradictam
1467 1077 1716 1109 thesaurariam
1743 1078 1889 1109 retinere
1917 1079 2040 1111 valeat.
2067 1080 2119 1120 (A.
2146 1083 2197 1118 13,

289 1125 320 1153 T.
342 1125 422 1152 XXX·
599 1131 623 1163 f.
639 1133 716 1169 6335
742 1131 775 1163 V.
793 1133 844 1168 70,
862 1140 915 1171 ep.
934 1131 1039 1171 1381.)

318 1186 355 1214 Ut
374 1195 398 1214 s.
645 1181 780 1214 12002.
802 1203 841 1207 -
869 1184 945 1225 Reqi
970 1184 1074 1215 Daciae
1096 1185 1208 1216 mand.
1235 1185 1273 1215 ut
1293 1186 1382 1215 bona
1407 1185 1439 1215 et
1459 1184 1537 1224 jura
1562 1193 1623 1224 per
1648 1184 1787 1215 Ericum
1810 1184 2095 1224 praedecessorem
2124 1185 2198 1226 eJus

600 1238 712 1270 ablata
727 1238 890 1279 magistro
906 1240 938 1270 et
955 1238 1118 1270 fratribus
1137 1237 1319 1278 hospitalis
1339 1246 1368 1269 s.
1385 1237 1527 1269 Joannis
1544 1238 1811 1269 Jerosolimitani
1830 1239 1862 1269 et
1878 1238 2068 1278 praesertim
2085 1239 2120 1270 in
2138 1239 2200 1271 Su·

599 1292 742 1324 nalodiae
766 1291 920 1332 partibus
943 1291 1113 1329 restituat,
1139 1291 1262 1322 damna
1285 1290 1415 1322 reficiat
1437 1291 1470 1322 et
1491 1290 1732 1330 obligationem
1757 1292 1834 1323 1000
1855 1281 1981 1322 march.
2008 1292 2138 1332 argenti
2156 1292 2197 1324 ab

598 1346 686 1385 ipsis
699 1345 865 1377 violenter
883 1346 1051 1377 extortam
1068 1344 1230 1376 remittat,
1242 1363 1280 1368 —
1290 1344 1317 1375 I.
1331 1353 1359 1376 e.
1372 1353 1418 1375 m.
1431 1344 1616 1380 Ottonien.‚
1629 1344 1811 1384 Lincopen.
1827 1353 1864 1376 ac
1875 1345 2082 1376 Wexionen.
2098 1345 2195 1385 ep.is,

599 1399 658 1439 qui
673 1399 703 1430 si
721 1407 858 1430 necesse
881 1398 984 1430 fuerit
998 1398 1175 1438 praefatum
1189 1406 1303 1438 regem
1319 1397 1361 1429 ad
1380 1398 1540 1438 praedicta
1557 1405 1616 1437 per
1632 1406 1811 1429 censuram
1828 1397 2044 1438 compellant.
2069 1398 2123 1438 (A.
2146 1400 2196 1434 13,

599 1452 622 1484 f.
640 1454 718 1490 6403
745 1452 776 1483 V.
794 1454 844 1488 70,
861 1460 914 1492 ep.
935 1451 1038 1492 1402.)

318 1509 355 1537 Ut
375 1517 398 1536 s.
645 1503 782 1536 12003.
799 1524 837 1528 -
852 1505 1048 1537 Hortatoria
1063 1505 1130 1545 reqi
1144 1504 1311 1546 Norweqiae
1328 1507 1364 1535 ut
1380 1504 1583 1544 magistrum
1600 1506 1633 1535 et
1648 1504 1770 1535 fratres
1788 1504 2001 1544 supradictos
2015 1513 2076 1544 per
2096 1513 2196 1536 avum

297 1553 410 1581 T.11¹¹.
599 1568 699 1591 suum
719 1568 736 1591 e
754 1567 857 1599 regno
878 1559 1066 1599 Norwegiae
1082 1561 1219 1599 propter
1238 1567 1305 1590 non
1323 1558 1446 1590 factam
1470 1558 1755 1598 permutationem
1772 1558 1939 1589 bonorum
1966 1566 2039 1598 quae
2063 1558 2100 1588 in
2122 1558 2195 1590 eod.

599 1622 701 1654 regno
717 1612 914 1645 obtinebant
929 1621 1006 1644 cum
1023 1613 1102 1644 aliis
1125 1612 1225 1644 bonis
1247 1612 1279 1643 in
1300 1620 1402 1652 regno
1422 1612 1535 1643 Daciae
1553 1611 1760 1648 constitutis,
1780 1611 1955 1651 expulsos,
1976 1611 2089 1642 redire
2107 1611 2196 1643 sinat

599 1668 716 1708 eisque
731 1667 820 1698 bona
835 1666 1003 1698 restituat.
1016 1685 1054 1690 —
1071 1667 1097 1697 Ι.
1115 1675 1143 1698 e.
1158 1674 1202 1697 m.
1222 1666 1374 1699 Lunden.
1397 1666 1429 1697 et
1445 1665 1607 1704 Upsalen.
1627 1664 1820 1704 archiepis,
1839 1673 1876 1696 ac
1892 1664 1967 1696 abb.
1985 1666 2136 1696 monast.
2155 1665 2195 1696 de

598 1721 727 1759 Efrom,
746 1720 946 1752 Roskilden.
965 1720 1024 1758 di.,
1044 1721 1092 1758 ut,
1113 1719 1143 1750 si
1165 1719 1276 1751 dictus
1300 1728 1360 1751 rex
1381 1718 1630 1750 hortationibus
1646 1718 1842 1758 hujusmodi
1866 1717 2083 1757 acquiescere
2110 1718 2195 1749 forte

598 1774 851 1814 contempserit,
867 1774 909 1805 ad
923 1774 1083 1814 praedicta
1099 1782 1158 1813 per
1175 1782 1352 1805 censuram
1365 1773 1580 1812 compellant.
1600 1772 1651 1810 (A.
1670 1773 1719 1809 13,
1734 1772 1757 1802 f.
1769 1773 1826 1803 641
1843 1771 1872 1809 1³3
1897 1771 1933 1802 V.
1952 1773 2002 1809 70,
2020 1780 2071 1811 ep.
2091 1766 2196 1811 1403.)

319 1829 354 1857 Ut
375 1837 398 1857 s.
645 1825 778 1858 12004.
804 1846 842 1851 -
875 1827 1026 1858 Willelmo
1051 1826 1185 1867 Giffard,
1212 1826 1284 1857 cler.
1313 1826 1471 1857 Exonien.
1502 1826 1558 1863 di.,
1588 1834 1681 1857 conc.
1703 1825 1948 1856 tabellionatus
1978 1825 2032 1856 off.
2064 1824 2118 1864 (V.
2146 1825 2195 1860 70,

265 1935 331 1963 Sine
345 1935 444 1964 dato¹.
599 1881 779 1966 ep.iiilgissqii).
796 1953 832 1958 -
852 1935 977 1966 Forma
990 1934 1174 1975 juramenti
1193 1933 1312 1964 Alberti
1326 1933 1364 1964 el.
1383 1933 1544 1964 Patavien.
1565 1933 1618 1972 (V.
1640 1933 1690 1968 70,
1709 1941 1760 1972 ep.
1779 1932 1864 1971 870.)

177 1979 228 2014 [Μ
237 1980 306 2015 jun.
325 1980 403 2008 1320
416 1980 459 2008 vel
471 1982 535 2016 post

267 2025 339 2053 hanc
354 2025 447 2060 diem}

633 2056 655 2081 1.
672 2054 758 2080 Bulla
773 2061 830 2086 qua
845 2052 982 2078 Albertus
997 2052 1031 2077 de
1044 2051 1168 2077 Saxonia
1181 2051 1308 2076 ecclesiae
1323 2050 1472 2076 Patavien.
1487 2050 1644 2082 praeficitur
1657 2050 1737 2075 adest
1752 2049 1782 2074 in
1797 2049 1922 2080 registro
1936 2049 1965 2074 70
1978 2049 2036 2081 (ep.
2054 2047 2125 2079 1037)
2141 2047 2196 2073 sub

600 2100 646 2125 die
661 2101 690 2124 14
702 2099 778 2132 junii
797 2099 856 2123 1320
871 2097 933 2130 (cfr.
949 2103 1037 2129 supra
1051 2103 1078 2121 n.
1098 2097 1194 2127 11607).
