2626 3568
374 340 414 371 ⁴6

406 434 510 461 Datum
529 425 714 461 Avenione.

413 645 426 670 4
445 641 528 677 (kal.)
537 641 603 675 jan.
621 638 708 667 4320.

457 687 503 714 Gr.
516 693 568 721 pro
583 684 661 712 card.

520 853 557 881 Ut
577 861 600 880 s.

518 1068 554 1095 Ut
574 1076 598 1095 s.

497 1114 527 1141 T.
549 1113 619 1140 XVI.

520 1230 557 1258 Ut
577 1238 600 1257 S.

518 1338 553 1365 Ut
571 1346 594 1364 s.

507 1383 538 1409 T.
556 1382 611 1409 XX.

516 1497 554 1525 Ut
574 1505 598 1524 s.

459 1543 489 1570 T.
511 1543 570 1576 xli,
591 1541 661 1569 xiv.

521 1659 557 1686 Ut
578 1667 601 1686 s,

518 1929 553 1956 Ut
573 1936 596 1955 s.

505 1974 535 2000 T.
553 1973 609 2000 XL.

512 2034 550 2061 Ut
576 2042 599 2061 S.

505 2079 536 2105 T.
553 2079 609 2105 XX.

515 2195 552 2222 Ut
572 2202 596 2221 s.

519 2357 554 2384 Ut
575 2365 598 2383 s.

369 2679 390 2706 2
410 2679 451 2714 (xv
471 2677 631 2714 non.)jan.
654 2677 743 2705 1320.

462 2723 492 2750 T.
509 2723 556 2757 xl,
573 2722 645 2750 x111.

371 2891 390 2918 4
409 2892 443 2927 (11
464 2893 544 2928 non.)
563 2892 629 2927 jan.
654 2892 742 2921 1320.

771 337 945 369 JOANNIS
968 337 1087 369 PAPAE
1109 337 1211 368 XXII.
1236 339 1485 378 (1316-1334).
1508 357 1547 362 —
1569 339 1756 371 LITTERAE
1779 339 2005 372 COMMUNES

803 527 985 559 Fructuosi
1000 527 1225 560 Terraconen.
1244 526 1418 565 archid.is‚'
1432 537 1470 561 ac
1483 538 1572 570 mag.
1592 530 1721 562 Boneto
1737 530 1778 562 de
1793 530 1907 571 Ripel,
1924 539 1998 564 can.
2015 531 2176 564 Illerden.
2190 532 2271 564 eccl.
2290 532 2343 572 (A.
2361 533 2412 571 13,

803 581 826 612 f.
843 581 941 618 387b3
965 581 999 612 V.
1018 583 1067 619 70,
1086 590 1140 622 ep.
1161 584 1265 622 1031.)

850 634 986 666 10778.
1006 655 1044 660 —
1059 637 1153 667 Petro
1181 647 1207 668 s.
1230 635 1344 677 Anqeli
1368 635 1447 667 diac.
1474 636 1559 667 card.
1575 637 1676 668 datur
1691 637 1727 668 in
1749 638 1986 670 commendam
2005 638 2087 670 eccl.
2105 649 2151 671 xn
2168 639 2413 680 Apostolorum

803 691 844 722 de
860 689 964 727 Urbe,
983 699 1044 730 per
1060 690 1143 722 obit.
1158 689 1337 722 Guillelmi
1353 699 1381 721 s.
1394 690 1528 722 Nicolai
1541 690 1576 721 in
1592 699 1724 722 carcere
1739 691 1899 723 Tulliano
1917 691 2004 724 diac.
2020 691 2126 730 card„
2140 692 2413 725 commendatore

805 753 936 782 carens,
954 752 1031 775 cum
1048 744 1228 784 praedictus
1246 744 1335 775 card.
1353 743 1433 775 eccl.
1459 752 1486 775 s.
1504 743 1597 776 Petri
1625 743 1668 776 ad
1684 744 1832 776 Vincula
1846 744 1888 776 de
1904 745 1997 777 dicta
2021 744 2114 778 Urbe
2139 745 2248 778 libere
2275 746 2412 778 dimise·

804 798 850 830 rit
868 807 945 829 cum
961 797 1162 838 capellaniis
1180 797 1247 829 sibi
1262 797 1436 838 subjectis.
1455 797 1505 835 (A.
1529 799 1577 836 13,
1598 797 1622 829 f.
1647 798 1727 836 ¹22;
1749 797 1786 830 V.
1808 799 1858 836 70,
1876 807 1930 838 ep.
1945 797 2031 838 233.)

851 849 987 881 10779.
1006 869 1043 874 -
1069 850 1144 882 Eid.
1162 851 1247 882 card.
1264 860 1356 882 conc.
1374 851 1475 882 facul.
1495 851 1640 883 faciendi
1656 851 1763 892 recipi
1787 851 1850 883 hac
1865 852 1939 884 vice
1955 851 2121 884 Jacobum
2136 854 2255 885 natum
2269 853 2414 886 Joannis

805 906 845 938 de
865 905 1066 945 Columpna,
1094 907 1126 937 et
1143 905 1325 937 Nicolaum
1342 904 1483 945 Capucii
1500 905 1594 943 cler„
1613 906 1755 945 nepotes
1770 905 1893 945 ipsius,
1913 906 1949 937 in
1966 914 2040 937 can.
2055 905 2119 938 sub
2141 914 2239 947 exsp.
2256 906 2360 947 praeb.
2377 907 2414 938 in

803 959 884 991 eccl.
915 959 948 991 S.
980 959 1027 990 M.
1047 958 1196 999 ¹Majoris
1221 958 1263 990 de
1283 957 1386 996 Urbe,
1414 958 1449 989 in
1466 967 1534 999 qua
1551 967 1670 990 canon.
1689 960 1722 990 et
1738 958 1842 999 praeb.
1860 959 1998 991 collatio
2015 968 2076 1000 pro
2093 969 2118 990 n
2131 968 2222 1001 pers.
2241 960 2285 992 ad
2299 960 2415 1001 ipsum

803 1013 952 1054 pertinet
969 1013 1100 1044 ratione
1116 1011 1481 1052 archipresbyteratus.
1499 1011 1553 1052 (A.
1571 1014 1621 1050 13,
1639 1012 1661 1043 f.
1682 1013 1758 1049 1233
1782 1012 1818 1044 V.
1838 1014 1887 1049 70,
1909 1021 1961 1053 ep.
1983 1013 2069 1053 234.)

850 1064 987 1096 10780.
1002 1084 1040 1089 —
1055 1065 1218 1106 Elisabeth
1233 1065 1346 1106 reqinae
1362 1064 1565 1106 Portuqalliae
1581 1065 1744 1106 indulget.
1762 1067 1800 1097 ut
1811 1066 1987 1098 confessor
1999 1067 2074 1108 eJus
2085 1067 2120 1098 in
2133 1067 2256 1099 mortis
2269 1067 2415 1100 articulo

802 1122 913 1161 possit
929 1122 960 1152 ei
977 1121 1113 1161 plenam
1135 1119 1374 1151 remissionem
1398 1120 1613 1159 peccatorum
1640 1119 1748 1151 semel
1770 1120 1964 1152 concedere.
1991 1120 2045 1160 (A.
2068 1123 2117 1160 13,
2146 1120 2169 1153 f.
2196 1122 2274 1159 2143
2306 1121 2344 1153 V.
2362 1122 2415 1159 70,

803 1185 856 1216 ep.
874 1176 960 1213 299.)

853 1226 989 1258 10781.
1007 1246 1045 1251 -
1059 1227 1198 1258 Beatrici
1213 1226 1327 1257 relictae
1339 1225 1454 1268 quond.
1467 1225 1620 1267 Dalplzini
1632 1226 1796 1265 Viennen.,
1810 1227 1953 1259 moniali
1965 1229 2112 1260 monast.
2123 1228 2225 1260 vallis
2235 1228 2413 1268 Briciasoi,

806 1283 949 1315 Cisterc.
969 1282 1054 1319 ord.‚
1071 1281 1239 1313 Viennen.
1257 1279 1491 1320 di.,indulget.
1509 1279 1555 1311 id.
1575 1279 1628 1320 (V.
1644 1281 1694 1318 70,
1711 1289 1764 1320 ep.
1783 1281 1868 1320 330.)

851 1333 986 1365 10782.
1007 1352 1046 1358 -
1062 1335 1221 1365 Dominico
1242 1343 1310 1375 ep.o
1328 1332 1503 1365 Methelien.
1519 1342 1611 1365 conc.
1629 1334 1840 1366 confirmatio
1856 1334 2048 1366 administr.
2065 1335 2188 1367 domus
2203 1336 2414 1374 Tremesen.,

803 1390 969 1423 Arrosien
987 1389 1073 1426 ord.‚
1087 1389 1260 1421 Gneznen.
1277 1387 1338 1425 di.,
1354 1396 1415 1428 per
1428 1388 1578 1428 priorem
1591 1388 1625 1419 et
1637 1387 1761 1420 fratres
1774 1388 1882 1428 ejusd.
1896 1387 2018 1419 domus
2033 1397 2213 1427 concessae,
2224 1389 2326 1430 pleno
2341 1397 2416 1422 con-

806 1453 909 1476 sensu
926 1443 1042 1475 habito
1059 1442 1091 1474 b.
1114 1451 1159 1474 m.
1173 1441 1292 1473 Jacobi
1311 1441 1474 1481 archiep.i
1490 1442 1524 1473 et
1539 1441 1641 1482 capit.
1658 1441 1830 1473 Gneznen.
1853 1441 1905 1480 (A.
1927 1443 1977 1480 13,
1997 1442 2019 1473 f.
2037 1443 2114 1479 2173
2137 1442 2172 1474 V.
2190 1443 2242 1481 70,
2259 1451 2312 1487 ep.
2328 1443 2416 1485 373.)

852 1495 988 1527 10783.
1011 1515 1050 1519 -
1061 1495 1174 1526 Eidem
1190 1505 1260 1536 epm
1276 1495 1495 1527 confirmatur
1509 1494 1684 1527 concessio
1700 1495 1853 1527 locorum
1868 1496 1900 1527 et
1912 1494 2081 1528 bonorum
2093 1496 2137 1528 ad
2149 1496 2414 1530 eccl.Gneznen.

805 1553 942 1592 pertin.,
960 1553 993 1583 et
1011 1551 1054 1582 ad
1069 1551 1176 1581 vitam
1194 1550 1396 1581 donatorum
1410 1557 1471 1589 per
1488 1549 1662 1589 quondum
1678 1548 1844 1580 Jacobum
1860 1549 2034 1581 Gneznen.
2051 1549 2271 1591 archiep.um.
2283 1569 2323 1575 -
2336 1551 2365 1582 1.
2382 1560 2414 1584 e.

805 1615 850 1638 m.
870 1614 945 1645 ep.o
963 1603 1226 1636 Wladislavien.
1245 1604 1297 1642 (A.
1314 1605 1363 1638 13,
1385 1603 1408 1633 f.
1423 1602 1522 1638 217b;
1546 1602 1579 1634 V.
1600 1603 1651 1638 ’70,
1668 1611 1719 1643 ep.
1737 1602 1822 1642 374.)

855 1655 988 1688 10784.
1007 1676 1045 1681 -
1061 1657 1142 1688 Abb.
1161 1662 1288 1688 monast.
1301 1667 1326 1687 s.
1346 1655 1484 1687 Mariani
1496 1655 1742 1693 Aucisiodoren„
1760 1656 2032 1687 Praemonslraten.
2048 1656 2131 1696 ord.‚
2147 1658 2261 1689 mand.
2271 1658 2310 1690 ut
2324 1659 2414 1691 auct.

805 1715 914 1754 apost.
932 1713 1086 1744 absolvat
1101 1711 1275 1743 Fulconen
1302 1719 1376 1742 can.
1391 1710 1545 1750 ejusdem
1563 1711 1709 1742 monast.
1727 1709 1769 1741 ab
1785 1710 2139 1743 excommunicatione
2154 1711 2295 1743 incursa
2310 1720 2354 1744 ex
2375 1720 2416 1745 eo

805 1768 895 1808 quod
916 1767 957 1798 ad
979 1766 1142 1797 saeculum
1163 1773 1315 1796 remeare
1328 1764 1447 1795 volens
1461 1765 1494 1795 et
1515 1772 1649 1804 poenam
1665 1764 1810 1795 carceris
1828 1764 1896 1804 ipsi
1915 1765 2097 1805 propterea
2111 1764 2276 1798 inflictam
2293 1765 2415 1805 vitare,

805 1821 881 1853 abb.
901 1820 983 1852 dicti
1000 1820 1147 1851 monast.
1165 1827 1226 1859 per
1240 1826 1372 1858 pannos
1387 1818 1477 1849 circa
1492 1820 1610 1858 pectus
1624 1818 1828 1858 arripuerat,
1846 1818 2026 1850 intendens
2039 1819 2154 1850 tamen
2169 1819 2302 1852 nullam
2313 1819 2417 1852 lesio·

805 1885 882 1907 nem
898 1874 950 1905 illi
970 1874 1110 1904 inferre.
1129 1873 1181 1913 (A.
1201 1874 1250 1910 13,
1267 1872 1290 1903 f.
1308 1871 1405 1909 257113
1428 1871 1460 1902 V.
1476 1873 1527 1910 70,
1547 1880 1600 1911 ep.
1617 1872 1704 1909 438.)
1830 1866 1834 1872 '

853 1925 990 1958 10785.
1003 1944 1041 1949 —
1056 1927 1189 1958 Joarmes
1199 1937 1223 1956 s.
1237 1925 1388 1956 Theodori
1402 1925 1483 1956 diac.
1501 1925 1587 1956 card.
1606 1925 1706 1957 datur
1721 1926 1758 1956 ut
1771 1925 1876 1965 judex
1890 1926 2110 1957 conservator
2121 1926 2323 1966 Valpertino
2336 1925 2415 1959 abb.

804 1984 952 2014 monast.
971 1990 1000 2013 s.
1015 1981 1162 2012 Justinae
1182 1980 1349 2016 paduan„
1368 1979 1407 2011 O.
1425 1979 1460 2011 S.
1477 1979 1515 2010 B.
1536 1978 1591 2019 (A.
1610 1980 1658 2016 12,
1675 1979 1698 2009 f.
1714 1981 1794 2016 46³5
1816 1979 1851 2010 V.
1871 1980 1922 2016 70,
1942 1988 1994 2019 ep.
2005 1978 2091 2019 473.)

852 2033 988 2065 10786.
1019 2053 1056 2058 -
1079 2034 1240 2066 Facultas
1253 2033 1473 2065 contrahendi
1493 2035 1650 2064 mutuum
1667 2041 1776 2073 usque
1792 2033 1834 2064 ad
1850 2041 2022 2064 summam
2041 2034 2133 2065 1.ΟΟΟ
2146 2032 2220 2065 flor.
2238 2033 2313 2065 auri
2328 2033 2417 2066 Guil-

804 2091 892 2122 lelmo
905 2089 1010 2120 abbati
1025 2093 1156 2119 monast.
1174 2087 1359 2124 Molismen„
1374 2086 1408 2117 O.
1423 2087 1459 2118 S.
1475 2086 1525 2123 B.‚
1542 2086 1714 2127 Linqonen.
1733 2086 1790 2124 dat,
1808 2095 1979 2124 concessa,
1993 2095 2056 2127 pro
2068 2087 2180 2127 ipsius
2193 2089 2340 2122 monast.
2356 2096 2412 2121 ne-

804 2145 907 2185 gotiis
926 2144 1016 2183 apud
1032 2143 1066 2175 S.
1082 2142 1122 2174 A.
1139 2141 1372 2181 expediendis.
1395 2141 1447 2179 (A.
1469 2142 1517 2178 13,
1535 2140 1560 2171 f.
1585 2141 1642 2172 187
1654 2139 1684 2176 ¹³3
1705 2141 1746 2171 V.
1768 2142 1818 2176 70,
1836 2149 1888 2180 ep.
1905 2140 1991 2180 515.)

852 2195 987 2227 10787.
1009 2214 1048 2218 -
1063 2187 1152 2237 Epo
1164 2195 1335 2235 Linqonen.
1355 2194 1467 2226 mand.
1485 2195 1522 2225 ut
1543 2193 1724 2233 compellat
1742 2193 1898 2226 subditos
1916 2193 2050 2234 praefati
2067 2193 2144 2225 abb.
2160 2193 2354 2227 Molismen.
2371 2194 2416 2227 ad

804 2250 1090 2283 contribuendum
1104 2250 1139 2280 in
1151 2249 1320 2280 solutione
1335 2247 1527 2279 debitorum
1543 2249 1576 2279 et
1589 2247 1800 2287 reparatione
1817 2247 1899 2279 eccl.
1916 2249 1949 2279 et
1962 2247 2184 2279 aedificiorum
2198 2248 2253 2280 sui
2265 2250 2417 2280 monast.

806 2306 857 2344 (A.
878 2307 927 2340 13,
943 2305 965 2335 f.
981 2305 1057 2339 188;
1088 2303 1121 2333 V.
1141 2305 1191 2339 70,
1209 2311 1262 2342 ep.
1281 2301 1368 2338 516.)

851 2355 987 2387 10788.
1006 2376 1045 2380 -
1065 2357 1182 2397 Beqoni
1195 2356 1231 2387 de
1250 2355 1443 2397 Penavayra,
1460 2365 1528 2396 cap.
1547 2355 1653 2396 Papae,
1677 2359 1705 2385 et
1721 2354 1861 2386 Ger-ardo
1877 2354 2042 2386 Adzemari
2064 2364 2100 2385 ac
2116 2354 2257 2386 Amaldo
2271 2354 2413 2394 Gallerii,

804 2422 871 2443 can.
891 2411 1076 2448 Rutlzenen„
1096 2410 1209 2441 mand.
1224 2411 1261 2440 ut
1275 2410 1461 2441 immittant
1473 2409 1508 2440 in
1524 2409 1779 2449 possessionem
1790 2409 1944 2441 rectoriae
1958 2408 2094 2449 paroch.
2107 2409 2188 2440 eccl.
2207 2409 2248 2440 de
2266 2417 2294 2441 s.
2315 2409 2416 2442 Affri-

804 2474 898 2503 cano,
916 2465 1080 2502 Vabren.,
1098 2464 1180 2495 olim
1197 2463 1344 2495 Ruthen.
1364 2463 1423 2501 di.‚
1443 2471 1504 2502 per
1518 2462 1600 2494 obit.
1617 2462 1787 2494 Pilifortis
1803 2471 1887 2500 vac„
1905 2463 2045 2494 Petrum
2058 2462 2099 2494 de
2112 2462 2309 2494 Ruthenula
2323 2464 2412 2496 auct.

804 2519 914 2559 apost.
944 2517 1132 2558 provisum,
1164 2517 1223 2556 qui
1254 2518 1370 2548 contra
1392 2516 1516 2556 quond.
1543 2516 1756 2556 Rostagnum
1778 2515 1819 2547 de
1840 2515 2106 2555 Montepetroso,
2131 2515 2212 2547 cler.
2239 2516 2414 2548 Lodoven.

802 2572 863 2608 di..
876 2573 963 2603 auct.
978 2570 1152 2602 ordinaria
1166 2570 1343 2609 provisum
1356 2578 1470 2601 coram
1485 2569 1734 2601 commissariis
1747 2577 1807 2609 per
1822 2568 2036 2600 Bonifacium
2046 2569 2117 2600 ΡΡ.
2127 2569 2209 2601 VIII
2222 2570 2255 2601 et
2265 2569 2415 2602 Clemen-

802 2628 871 2658 tem
889 2625 957 2656 PP.
978 2625 1007 2657 V
1022 2623 1195 2664 deputatis
1211 2623 1269 2654 diu
1288 2623 1435 2663 desuper
1450 2623 1612 2663 liiigarat.
1631 2622 1684 2663 (A.
1701 2624 1750 2660 13,
1768 2621 1792 2652 f.
1811 2621 1913 2660 276b;
1938 2621 1972 2654 V.
1990 2624 2040 2658 70,
2058 2631 2110 2662 ep.
2127 2623 2212 2662 527.)

849 2675 986 2708 10789.
1006 2694 1044 2700 -
1063 2676 1224 2709 Guillelmo
1247 2676 1409 2712 Cataroni,
1428 2676 1464 2707 de
1477 2675 1627 2714 Bedoino,
1644 2684 1740 2716 prov.
1758 2684 1876 2707 canon.
1895 2675 1959 2707 sub
1976 2684 2072 2716 exsp.
2090 2676 2194 2716 praeb.
2210 2677 2292 2708 eccl.
2308 2676 2414 2709 Sista·

802 2733 907 2765 ricen.
918 2742 928 2769 3
944 2740 1011 2763 nou
1028 2730 1116 2763 obst.
1138 2730 1218 2762 eccl.
1235 2729 1371 2770 paroch.
1387 2739 1416 2761 s.
1434 2729 1611 2761 Michaelis
1633 2729 1674 2760 de
1691 2728 1830 2767 Malan„
1851 2729 2033 2761 Vasionen.
2053 2729 2112 2767 di.,
2130 2731 2178 2768 (11
2202 2730 2263 2761 lib.
2278 2729 2357 2770 tur).
2374 2746 2414 2753 —

802 2787 828 2819 1.
847 2795 876 2817 e.
895 2795 941 2817 m.
960 2785 1126 2818 Tolonen.
1144 2785 1177 2815 et
1191 2783 1376 2815 Vasionen.
1395 2792 1512 2823 praep.,
1532 2784 1564 2814 et
1584 2782 1711 2814 archid.
1732 2782 1840 2823 ejusd.
1857 2782 2042 2814 Vasionen.
2062 2782 2143 2815 eccl.
2161 2783 2213 2824 (A.
2231 2786 2279 2822 13,
2295 2783 2318 2814 f.
2338 2785 2391 2815 171
2400 2792 2411 2821 ;

807 2840 841 2871 V.
858 2841 908 2877 70,
927 2848 979 2879 ep.
994 2837 1082 2878 273.)

849 2890 987 2922 10790.
1004 2910 1043 2914 -
1060 2891 1230 2932 Archiep.o
1246 2890 1430 2927 Bituricen„
1445 2895 1473 2920 et
1489 2899 1560 2932 ep.o
1575 2890 1721 2927 Leonem,
1735 2900 1770 2920 ac
1781 2889 1850 2920 abb.
1863 2894 1991 2921 monast.
2001 2900 2027 2924 s,
2044 2890 2205 2921 Laurentii
2215 2890 2253 2921 de
2264 2889 2409 2928 Abbatia,

802 2947 1034 2978 Autisz'odoren.
1053 2945 1110 2983 di„
1137 2944 1251 2976 mand.
1271 2945 1309 2975 ut
1324 2944 1498 2984 inquirant.
1513 2952 1617 2983 super
1632 2943 1808 2975 validitate
1823 2944 1878 2975 vel
1895 2943 2126 2975 insufficentia
2141 2943 2411 2983 dispensationis

803 3009 863 3040 per
889 3000 1099 3032 Clementem
1124 2998 1192 3030 ΡΡ.
1220 2998 1250 3030 V
1268 2997 1389 3030 Carolo
1411 2997 1482 3028 filio
1499 2997 1591 3037 regis
1607 2997 1771 3034 Franciae,
1792 2997 1909 3028 comiti
1925 2996 2083 3029 Marchiae
2100 2997 2134 3028 et
2150 2996 2312 3037 Bigorrae,
2331 2998 2411 3029 tune

802 3055 837 3085 in
851 3053 1014 3094 pupillari
1031 3053 1129 3084 aetate
1146 3051 1330 3084 constituto
1351 3059 1531 3089 concessae,
1551 3050 1648 3091 cujus
1669 3050 1785 3090 vigore
1808 3050 1899 3082 infra
1915 3059 2022 3082 annos
2039 3049 2186 3091 puberes
2204 3050 2411 3082 constitutus
