2566 3562
272 399 375 427 Datum
393 390 578 426 Avem'one.

378 463 466 470 ——--

244 607 281 635 u
298 609 331 642 (11
349 606 400 643 id.)
420 609 504 634 mart.
522 596 610 637 4321.

328 652 359 679 T.
380 651 427 685 xl,
446 650 519 678 XIII.

262 925 299 953 75
315 924 380 960 (id.)
402 927 485 952 mart.
508 923 596 952 1321.

302 1191 340 1219 16
354 1193 438 1218 mart.
460 1189 549 1219 1321.

305 1237 384 1272 (xvn
395 1236 456 1263 kal.
470 1235 546 1271 apr.)

329 1281 360 1309 T.
379 1280 426 1314 XI,
446 1279 510 1307 XIII

385 1352 421 1380 Ut
441 1360 464 1380 s.

381 1619 417 1648 Ut
444 1628 468 1647 s.

316 1665 364 1692 Gr.
381 1673 433 1699 pro
452 1664 531 1692 card.

389 1832 426 1861 Ut
445 1841 470 1860 0.

320 1878 365 1906 Gr.
383 1885 435 1913 pro
452 1877 543 1905 card.¹

391 2261 427 2289 Ut
447 2269 471 2289 0.

389 2420 426 2448 Ut
443 2428 467 2447 s.

310 2580 344 2608 17
361 2582 443 2608 marc.
463 2579 551 2607 1321.

316 2625 380 2660 (xvi
394 2624 454 2653 kal.
471 2625 547 2659 apr.)

323 2668 354 2696 T.
370 2669 467 2703 XVIII,
483 2668 539 2695 XX.

642 305 815 338 JOANNIS
839 305 957 336 PAPAE
979 305 1069 336 XXII
1105 308 1214 344 (1316
1234 310 1352 347 1334).
1374 327 1412 332 -
1434 309 1620 340 LITTERAE
1643 281 1869 341 COMMUNES
2204 313 2266 344 257

667 496 834 531 unitorum,
853 496 896 527 ad
913 496 955 528 R.
980 496 1019 528 E.
1038 496 1235 527 immediate
1259 499 1379 537 spect„
1399 498 1437 530 O.
1461 498 1494 530 S.
1520 500 1571 537 B.,
1592 501 1759 541 Eugubin.
1783 502 1829 534 di.
1850 502 1902 541 (A.
1927 504 1977 538 15,
1995 503 2018 534 1.
2041 504 2080 535 90
2098 508 2126 540 ’,-
2157 503 2193 535 V.
2212 507 2264 541 71,

667 557 721 590 ep.
743 549 830 587 666.)

714 599 850 632 13091.
867 619 907 625 -
924 602 1045 634 Collat.
1065 610 1184 633 canon.
1203 601 1268 633 sub
1289 611 1385 642 exsp.
1403 604 1506 643 praeb.
1530 606 1610 636 0001.
1629 606 1762 638 Albien.
1782 607 1921 638 Arnaldo
1938 607 1974 639 de
1995 608 2124 647 Gardia,
2141 610 2263 642 rectori

667 655 779 687 castri
793 655 973 687 ComItaIis
988 656 1021 687 et
1037 655 1077 686 de
1093 655 1235 687 Bedullo
1251 655 1346 692 0001.,
1362 657 1521 688 canonice
1536 658 1719 694 unitarum,
1736 659 1954 691 Condomien.
1972 661 2018 692 di.
2029 671 2039 698 ς
2057 662 2265 694 Guillelmus

667 709 759 741 enim
775 708 916 740 Arnaldi
934 708 975 739 de
994 708 1144 744 Jaulino,
1162 708 1216 740 cui
1240 709 1333 749 Papa
1356 709 1506 740 similem
1530 710 1655 742 fecerat
1676 712 1831 751 gratiam,
1855 714 2002 744 matrim.
2022 723 2098 746 cum
2118 716 2264 755 quadam

667 761 811 794 muliere
831 761 1008 793 contraxit.
1027 778 1064 783 —
1081 761 1108 792 I.
1133 769 1163 793 e.
1187 771 1232 793 m.
1254 770 1330 802 ep.o
1347 771 1376 792 s.
1396 762 1502 800 Flori,
1524 764 1556 794 et
1576 772 1678 803 praep.
1703 767 1846 797 monast.
1869 775 1896 796 s.
1921 766 2013 797 Salvi
2033 767 2181 803 Albion,
2203 776 2267 808 per

667 824 769 856 praep.
796 815 890 847 soliti
906 814 997 855 gub„
1026 824 1063 846 ac
1085 815 1211 846 archid.
1237 815 1443 847 Montalden.
1463 815 1498 847 in
1523 817 1603 848 eccl.
1630 818 1802 857 Agennen.
1821 819 1873 858 (A.
1892 820 1940 855 15,
1966 819 1989 851 f.
2013 821 2072 852 486
2096 826 2127 857 ³3
2158 821 2190 854 V.
2212 823 2263 859 72,

667 878 719 909 ep.
741 868 847 908 1667.)

713 919 848 952 13092.
866 939 904 945 -
920 921 1042 953 Collat.
1058 930 1175 953 canon.
1195 922 1276 953 eccl.
1294 921 1506 958 Rauselien.,
1519 922 1735 954 Lemovicen.
1754 923 1814 960 di„
1830 924 1865 954 in
1881 933 1948 964 qua
1964 926 2075 957 certus
2092 927 2266 958 canonico«

666 983 742 1006 rum
757 983 920 1006 numerus
935 976 967 1006 et
982 974 1084 1015 praeb.
1102 975 1275 1007 distinctio
1292 984 1359 1006 non
1374 975 1550 1013 habentur,
1565 976 1694 1007 consid.
1707 976 1800 1007 Petri
1814 986 1841 1008 s.
1855 978 2019 1009 Susannae
2032 979 2144 1018 presb.
2160 980 2263 1015 card„

666 1029 759 1059 Petro
773 1027 810 1059 de
826 1027 1023 1066 Monasterio,
1040 1028 1152 1068 ipsius
1167 1028 1248 1060 cler.
1267 1047 1304 1052 —
1318 1028 1344 1059 Ι.
1361 1037 1379 1060 0
1395 1037 1439 1060 m.
1460 1028 1610 1069 Stirpen.
1634 1029 1720 1061 etde
1733 1030 1895 1069 Ageduno
1907 1030 2098 1068 abbatibus,
2113 1040 2149 1063 ac
2160 1041 2263 1073 praep.

666 1081 872 1114 Cambonen.
901 1090 962 1122 per
985 1090 1088 1122 praep.
1110 1081 1203 1113 soliti
1229 1081 1307 1122 gub.
1333 1083 1492 1118 monast„
1518 1082 1734 1114 Lemovicen.
1759 1083 1805 1114 di.
1830 1083 1882 1124 (A.
1911 1085 1961 1121 15,
1989 1083 2012 1114 f.
2036 1086 2074 1116 70
2099 1085 2130 1121 b;
2164 1085 2195 1116 V.
2214 1088 2264 1122 71,

666 1143 720 1175 ep.
736 1136 820 1174 551.)

713 1185 847 1218 13093.
874 1207 913 1212 -
936 1188 1057 1220 Collat.
1083 1197 1201 1220 canon.
1225 1188 1288 1219 sub
1311 1197 1408 1228 exsp.
1438 1188 1542 1229 praeb.
1570 1189 1651 1220 eccl.
1680 1188 1858 1221 Ebroicen.
1887 1189 2047 1221 Guillelmo
2073 1190 2206 1231 Piqueli.
2228 1209 2266 1213 —

666 1241 693 1274 Ι,
713 1250 743 1273 0.
760 1250 805 1273 m.
823 1250 898 1282 ep.0
913 1242 1124 1280 Laudunen.,
1143 1243 1176 1273 et
1191 1241 1342 1273 thesaur.
1361 1242 1529 1280 Briocen.‚
1554 1251 1592 1274 ac
1609 1251 1696 1283 mag.
1716 1243 1874 1283 Philippo
1893 1243 2048 1284 Papion.,
2068 1252 2141 1275 can.
2161 1244 2266 1275 Lexo-

666 1295 756 1327 vien.
774 1295 855 1327 0001.
873 1295 925 1334 (A.
944 1295 992 1332 15,
1009 1295 1031 1326 f.
1051 1295 1091 1328 68
1104 1300 1132 1332 ²;
1155 1294 1189 1326 V.
1205 1297 1256 1333 71,
1271 1304 1324 1335 ep.
1341 1295 1426 1335 527.)

714 1345 847 1378 13094.
868 1366 906 1372 -
922 1348 1043 1380 Collat.
1065 1357 1182 1381 canon.
1201 1348 1282 1380 0001.
1307 1357 1335 1379 0.
1360 1348 1547 1380 Salvatoris
1564 1349 1715 1385 Blesen.,
1735 1349 1914 1381 Carnoten.
1934 1350 1993 1388 di„
2012 1350 2048 1381 in
2068 1359 2135 1390 qua
2154 1351 2268 1382 certus

667 1410 740 1434 can.
755 1410 918 1433 numerus
935 1403 968 1433 et
985 1401 1088 1442 praeb.
1105 1401 1280 1433 distinctio
1296 1410 1363 1433 non
1377 1401 1555 1439 habentur,
1572 1401 1734 1433 Guillelmo
1749 1402 1906 1443 Faysserii
1922 1403 1958 1433 de
1973 1403 2184 1441 Monasteriis;
2199 1411 2266 1435 non

668 1455 754 1487 obst.
781 1456 816 1487 in
834 1455 914 1487 eccl.
934 1455 973 1487 Β.
992 1455 1038 1487 Μ.
1056 1455 1311 1487 Autisiodoren.
1330 1464 1449 1487 canon.
1465 1456 1498 1487 01
1514 1455 1618 1495 praeb.
1635 1456 1724 1495 (101.
1745 1456 1797 1496 1.),
1822 1457 1855 1487 01
1871 1456 2017 1496 quadam
2035 1465 2130 1496 perp.
2147 1456 2266 1496 capell.

667 1509 703 1541 in
718 1509 798 1541 eccl.
815 1508 983 1540 Parisien.
1000 1527 1038 1531 -
1053 1509 1079 1540 Ι.
1099 1517 1128 1540 0.
1148 1517 1193 1540 m.
1211 1499 1286 1548 epo
1303 1508 1497 1546 carnoten„
1511 1510 1544 1540 et
1557 1509 1684 1540 archid.
1699 1509 1835 1542 Blesen.
1851 1509 2043 1548 Carnoten„
2061 1518 2098 1541 ac
2115 1510 2266 1541 thesaur.

667 1562 821 1595 Briocen.
837 1563 917 1594 0001.
937 1562 988 1601 (A.
1008 1564 1056 1600 15,
1076 1562 1099 1594 1.
1113 1563 1153 1594 68
1165 1562 1195 1599 ”5
1216 1562 1251 1593 V.
1270 1564 1320 1600 71,
1337 1571 1390 1602 ep.
1407 1562 1494 1602 528.)

714 1613 849 1646 13095.
867 1634 906 1639 -
923 1616 1079 1647 Potestas
1101 1616 1194 1646 Petro
1209 1626 1234 1645 s.
1252 1615 1406 1656 Stephani
1426 1616 1460 1646 in
1486 1615 1686 1647 Coeliomonte
1705 1615 1808 1656 presb.
1826 1615 1925 1653 card.‚
1942 1616 1975 1647 S.
1995 1617 2035 1648 R.
2055 1616 2093 1647 E.
2118 1616 2268 1647 vicecan-

668 1669 818 1708 cellario,
836 1678 997 1701 concessa
1014 1669 1169 1710 exigendi
1186 1669 1398 1701 moderatum
1413 1669 1619 1706 subsidium,
1630 1669 1728 1708 ,iuxta
1742 1669 1864 1701 indult.
1882 1669 1969 1701 alias
1985 1669 2052 1709 ipsi
2068 1677 2267 1701 concessum

667 1732 728 1764 per
748 1723 828 1761 PP„
853 1723 894 1754 ab
919 1723 1077 1754 omnibus
1098 1731 1188 1763 pers.
1214 1723 1421 1754 monasterio
1447 1731 1474 1753 s.
1503 1723 1679 1755 Saturnini
1698 1723 1856 1754 Tolosan.
1885 1722 2060 1762 subJectis‚
2086 1731 2154 1754 non
2180 1722 2266 1753 obst.

669 1777 760 1818 quod
773 1778 866 1817 Papa
877 1776 1050 1808 Amelium
1062 1776 1096 1807 in
1110 1776 1218 1816 eJusd.
1236 1777 1381 1808 monast.
1400 1775 1474 1807 abb.
1488 1776 1686 1816 praefecerit.
1701 1776 1753 1817 (A.
1769 1777 1816 1812 14,
1831 1776 1855 1806 1.
1870 1777 1929 1807 368
1945 1781 1974 1813 ³3
1997 1775 2032 1806 V.
2047 1777 2096 1813 71,
2113 1784 2165 1816 ep.
2182 1775 2268 1814 644.)

715 1828 851 1861 13096.
871 1848 909 1853 -
924 1830 1017 1861 Petro
1035 1834 1069 1861 tt.
1086 1840 1110 1860 s.
1127 1829 1329 1861 Pudentianae
1339 1829 1444 1871 presb.
1460 1829 1557 1867 card„
1576 1834 1603 1860 et
1620 1829 1736 1860 decano
1750 1829 1821 1860 eccl.
1837 1829 1874 1860 de
1893 1829 2020 1860 Tescone
2034 1828 2266 1867 Montisalban„

669 1895 704 1916 ac
718 1883 877 1915 Ber-nardo
888 1883 924 1915 de
939 1883 1140 1921 Monteclaro,
1156 1893 1224 1914 can.
1246 1882 1388 1914 Tolosan.
1413 1883 1498 1920 eccl„
1519 1883 1633 1914 mand.
1652 1884 1689 1914 ut
1703 1883 1862 1923 praedicto
1878 1882 2164 1920 vicecancellario,
2185 1882 2268 1913 olim

669 1938 746 1970 abb.
764 1939 910 1969 monast.
926 1946 954 1968 s.
973 1937 1148 1970 Saturnini
1164 1937 1335 1974 Tolosan„
1351 1937 1393 1968 ad
1407 1937 1448 1968 R.
1465 1937 1503 1968 E.
1522 1936 1615 1967 nullo
1632 1936 1742 1968 medio
1758 1936 1894 1976 pertin.‚
1909 1936 1949 1968 O.
1966 1935 1999 1967 S.
2015 1936 2068 1972 A„
2085 1936 2185 1975 prout
2201 1935 2267 1966 ΡΡ.

668 1991 736 2031 ipsi
752 1992 828 2023 ante
846 1991 1094 2030 promotionem
1113 1990 1155 2021 ad
1172 1990 1402 2021 cardinalatus
1421 1989 1586 2021 honorem
1602 1989 1673 2029 jam
1693 1990 1918 2024 concesserat,
1935 1988 1977 2020 ab
1996 1987 2154 2020 omnibus
2170 1988 2269 2019 bene-

668 2045 745 2076 ficia
758 2044 801 2076 ad
824 2046 937 2084 ipsum
957 2045 1037 2075 tunc
1058 2043 1134 2075 abb.
1151 2051 1212 2075 000
1227 2044 1373 2074 monast.
1391 2043 1591 2082 praedictum
1610 2043 1714 2083 spect.
1732 2041 1976 2078 obtinentibus,
1994 2042 2027 2073 et
2043 2041 2121 2073 aliis
2138 2041 2219 2073 cler.
2237 2042 2270 2072 et

668 2098 767 2130 laicis
789 2098 855 2129 eid.
877 2098 1022 2129 monast.
1043 2096 1204 2137 subjectis
1222 2096 1434 2128 moderatum
1451 2096 1645 2127 subsidium
1669 2096 1767 2136 Juxta
1783 2095 2051 2135 uniuscujusque
2069 2096 2177 2126 ratam
2196 2103 2271 2135 pro-

669 2153 831 2184 ventuum
850 2152 882 2183 et
899 2151 1053 2191 ipsorum
1075 2150 1281 2190 exigentiam
1298 2150 1498 2181 facultatum
1523 2149 1648 2180 faciant
1668 2148 1832 2180 exhiberi.
1850 2148 1903 2189 (A.
1924 2150 1973 2185 14,
1999 2148 2022 2179 f.
2040 2150 2099 2180 374
2115 2148 2144 2185 Ι),
2166 2147 2198 2178 V.
2219 2149 2268 2185 72,

669 2214 723 2246 ep.
741 2205 828 2245 756.)

716 2255 852 2288 13097.
876 2276 914 2282 -
935 2257 1013 2288 Eid.
1033 2256 1283 2288 vicecancellario
1306 2258 1455 2296 potestas
1474 2256 1634 2296 exigendi
1651 2250 1866 2296 integraliter
1889 2247 2083 2286 subsidium
2104 2254 2172 2294 ipsi
2190 2254 2270 2285 dum

670 2313 761 2344 esset
784 2310 860 2342 abb.
886 2312 1032 2342 monast.
1063 2319 1091 2342 s.
1118 2309 1295 2343 Saturnini
1318 2309 1478 2342 Tolosan.
1508 2318 1708 2341 concessum
1735 2308 1776 2340 ab
1802 2308 1961 2340 omnibus
1990 2307 2098 2347 ejusd.
2123 2307 2268 2339 monast.

671 2364 836 2402 subditis;
852 2373 919 2396 non
934 2364 1021 2396 obst.
1038 2364 1251 2404 promotione
1268 2372 1331 2394 sua
1350 2363 1392 2394 ad
1411 2363 1670 2394 cardinalatum.
1689 2362 1741 2401 (A.
1761 2363 1811 2398 15,
1830 2361 1852 2392 f.
1871 2363 1928 2393 103
1945 2366 1974 2397 ⁸3
2000 2360 2032 2391 V.
2050 2362 2100 2398 72,
2118 2368 2170 2399 ep.
2188 2360 2271 2399 758.)

717 2415 852 2448 13098.
869 2434 909 2441 -
926 2416 1006 2458 May.
1031 2416 1183 2458 Gaufrido
1205 2416 1240 2447 de
1262 2416 1421 2453 Pleoeiaco,
1444 2415 1649 2447 cancellarIO
1673 2414 1753 2446 eccl.
1772 2415 1955 2451 Turonen.,
1972 2414 2040 2444 PP.
2059 2414 2141 2449 not.‚
2168 2412 2268 2443 facul.

671 2470 875 2503 concedendi
897 2470 1137 2502 tabellionatus
1155 2471 1209 2502 off.
1229 2470 1287 2501 uni
1303 2470 1382 2501 cler.
1400 2471 1434 2500 in
1452 2468 1642 2500 minoribus
1658 2467 1836 2499 ordInibus
1859 2467 2042 2499 constituto
2059 2467 2092 2497 et
2112 2474 2179 2497 non
2194 2474 2270 2496 con-

669 2524 797 2565 Jugato.
817 2523 868 2564 (V.
887 2526 937 2561 71,
954 2523 977 2555 1.
995 2525 1055 2556 306
1071 2523 1111 2562 ¹³.)

719 2574 854 2608 13099.
877 2593 915 2600 --
932 2577 1057 2609 Indult.
1084 2577 1201 2609 Joanni
1227 2586 1295 2617 ep.o
1319 2575 1477 2606 Τνεεονεη.
1507 2575 1543 2605 01
1568 2575 1638 2605 tres
1666 2574 1745 2605 cler.
1770 2573 1880 2613 ipsius
1906 2571 2013 2603 famil.
2038 2572 2070 2602 et
2094 2570 2271 2602 domestici

673 2630 920 2663 commensales
937 2630 1068 2662 fructus
1083 2630 1194 2662 benef.
1214 2637 1354 2661 suorum
1369 2628 1496 2668 absque
1514 2627 1700 2659 residentia
1714 2634 1821 2666 usque
1840 2626 1881 2657 ad
1896 2624 2081 2656 triennium
2095 2623 2268 2663 percipere

673 2684 818 2716 valeant.
837 2702 874 2707 —
891 2683 918 2714 Ι.
936 2692 965 2715 0.
982 2692 1027 2715 m.
1044 2683 1169 2715 decano
1186 2682 1413 2718 Lemovicen.‚
1432 2682 1465 2712 et
1481 2680 1607 2712 archid.
1627 2679 1813 2711 Avalonen.
1832 2677 1991 2715 AEduen.,
2010 2685 2047 2708 ac
2060 2685 2146 2716 mag.
2170 2676 2270 2708 Petro

673 2736 852 2772 Bonifacii,
867 2745 940 2768 can.
959 2736 1190 2769 Constantien.
1207 2735 1287 2767 eccl.
1307 2735 1360 2775 (A.
1378 2736 1427 2772 14,
1446 2734 1469 2764 f.
1486 2734 1546 2765 288
1560 2738 1590 2769 ³;
1611 2732 1646 2763 V.
1663 2735 1713 2770 71,
1733 2741 1785 2772 ep.
1803 2731 1891 2771 492.)

720 2787 856 2820 13100.
873 2807 911 2813 -
925 2789 1046 2822 Collat.
1063 2798 1181 2821 canon.
1199 2788 1262 2820 sub
1281 2797 1374 2828 exsp.
1392 2786 1495 2828 praeb.
1512 2786 1594 2818 0001.
1613 2795 1641 2817 0.
1658 2784 1822 2817 Antonini
1835 2783 2022 2815 Placentin.
2042 2782 2154 2814 Joanm·
2170 2781 2271 2812 Mede·

673 2854 758 2881 sano,
787 2852 859 2875 can.
890 2842 1037 2883 praeben.
1066 2842 1146 2875 eccl.
1176 2842 1389 2882 Pergamen.,
1416 2841 1449 2872 et
1476 2839 1600 2871 rectori
1627 2837 1807 2878 hospitalis
1832 2836 2064 2877 apostolorum
2091 2835 2131 2866 de
2159 2835 2271 2874 Burgo

674 2907 701 2929 0.
717 2896 855 2934 Donini,
878 2896 1035 2927 Parmen.
1057 2896 1103 2927 di.
1121 2913 1160 2919 ——
1175 2895 1201 2926 Ι.
1219 2904 1247 2926 0.
1270 2904 1315 2926 m.
1337 2893 1412 2925 abb.
1438 2893 1583 2924 monast.
1605 2901 1631 2922 s.
1655 2891 1771 2923 Sabini
1795 2889 1996 2926 Placentin.,
2014 2890 2047 2920 et
2065 2897 2167 2929 praep.
2192 2888 2273 2919 Par·

675 2959 777 2986 men„
794 2959 832 2982 ac
842 2949 1033 2982 Isembaldo
1048 2949 1088 2981 de
1105 2948 1289 2988 Fulgosiis‚
1302 2955 1374 2979 can.
1391 2945 1580 2977 Placentia.
1594 2945 1674 2977 eccl.
1695 2944 1746 2983 (A.
1763 2945 1811 2979 15.
1826 2943 1922 2984 f.,309
1939 2942 1968 2979 b;
1988 2941 2020 2973 V.
2033 2943 2082 2979 72,
2099 2950 2150 2982 ep.
2166 2942 2269 2980 1237.)
