2566 3562
369 411 472 438 Datum
485 404 666 438 Avenz'one.
729 422 730 425 =

351 615 389 644 ca
399 616 433 652 (11
449 615 499 648 id.)
514 615 582 642 maii
598 613 686 642 ⁴324.

423 660 453 687 T.
471 659 516 693 Χι,
534 658 606 686 xm.

476 934 513 961 Ut
530 942 553 961 s.

426 978 457 1005 T.
473 978 520 1012 XI,
534 977 607 1005 XIII.

477 1253 514 1281 Ut
531 1261 556 1280 s.

436 1298 467 1325 T.
484 1298 517 1328 X.
535 1297 594 1325 XII.

474 1465 513 1493 Ut
531 1473 554 1493 s.

437 1510 468 1537 T.
488 1510 521 1544 X,
542 1510 601 1537 XII.

364 1729 402 1758 15
415 1729 478 1766 (id.)
493 1731 562 1758 maii
576 1729 683 1759 1321.'

440 1774 472 1802 T.
493 1774 589 1803 XXIV.

473 1942 508 1969 Ut
529 1951 552 1970 s.

470 2206 506 2234 Ut
526 2215 548 2234 s.

469 2419 505 2447 Ut
525 2428 549 2446 s.

447 2463 478 2490 T.
499 2464 569 2491 XVI.

472 2685 508 2712 Ut
529 2694 552 2713 s.

470 2893 503 2920 Ut
524 2903 547 2922 s.

731 316 904 349 J'OANNIS
928 315 1046 347 PAPAE
1067 315 1169 346 XXII.
1193 316 1442 356 (1318-1884).
1463 333 1504 340 —
1525 315 1712 347 LITTERAE
1734 315 1960 348 COMMUNES

754 506 908 546 professo
925 506 958 537 et
974 505 1117 538 muliere
1128 513 1188 545 per
1199 505 1303 536 verba
1318 505 1359 536 de
1374 504 1488 536 futuro
1500 504 1599 536 alteri
1612 504 1818 545 desponsata
1826 505 1952 546 genito.
1969 505 2026 546 (A.
2038 507 2087 543 15,
2098 505 2124 538 f.
2134 507 2194 538 187
2201 511 2232 545 ι;
2253 506 2291 540 V.
2306 508 2358 546 ¹12,

755 568 808 599 ep.
823 560 909 597 961.)

801 609 935 642 13354.
957 628 995 634 -
1008 612 1128 644 Gratia
1145 620 1240 652 exsp.
1257 611 1382 649 benef„
1399 611 1453 643 vel
1468 611 1663 650 decanatus,
1678 620 1739 644 seu
1757 612 2009 652 praepositum,
2025 613 2084 645 aut
2095 612 2269 653 prioratus
2284 613 2359 647 sive

755 665 961 702 administr„
977 665 1031 697 vel
1047 665 1116 702 off„
1135 665 1177 696 ad
1193 664 1270 696 abb.
1294 665 1327 696 et
1342 673 1438 696 conv.
1457 665 1603 696 monast.
1621 673 1650 696 s.
1668 664 1837 696 Martialis
1852 665 2080 704 Lemovicen„
2099 665 2138 699 O.
2156 666 2191 699 S.
2214 667 2267 704 Β..
2283 674 2362 707 per-

755 719 816 750 tin.
834 720 867 750 et
879 718 986 759 (1001.
1004 718 1204 758 t.)consueti
1220 717 1395 749 monachis
1410 718 1521 758 ipsius
1535 719 1680 750 monast.
1695 718 1875 758 assignari,
1889 717 2230 759 Aquodeuaroivaue.
2247 719 2357 760 eiusd-

757 774 901 804 monast.
920 780 1011 803 mon.
1029 773 1062 803 et
1075 771 1182 811 priori
1195 771 1368 811 prioratus
1385 771 1426 802 de
1439 770 1607 802 Malneria
1621 780 1641 802 a
1656 771 1746 803 dicto
1762 773 1908 803 monast.
1919 771 2155 812 dependentis.
2168 790 2209 796 —
2220 773 2249 804 Ι.
2265 781 2295 805 e.
2310 781 2356 806 m.

756 825 862 865 priori
881 825 993 857 saecul.
1020 825 1061 856 de
1089 824 1179 856 Salis
1205 824 1404 862 Bituricen.,
1423 826 1456 856 et
1477 824 1604 856 decano
1617 824 1848 862 Lemovicen.,
1873 833 1912 856 ac
1928 825 2098 857 Ademaro
2113 825 2268 865 Roberti‚
2283 834 2359 859 can.

756 879 927 910 Turonen.
943 878 1023 910 eccl.
1043 877 1097 918 (A.
1115 879 1164 915 15,
1178 877 1201 908 f.
1217 879 1276 909 323
1291 877 1324 915 ¹³3
1347 877 1383 909 V.
1400 878 1449 915 72,
1467 885 1520 917 ep.
1539 879 1642 917 1371.)

802 928 938 961 13355.
958 948 997 954 -
1012 931 1195 962 Concessio
1211 931 1333 962 domus
1348 939 1409 970 per
1423 930 1505 963 obit.
1522 931 1666 963 Gerardi
1681 931 1722 963 de
1737 931 1853 969 Bussi,
1868 932 2044 972 Agennen.
2062 940 2150 971 can„
2163 941 2234 965 vac.
2251 934 2286 966 et
2299 941 2361 974 per

756 985 858 1024 capit.
886 984 966 1016 eccl.
999 986 1173 1024 Agennen.
1194 983 1294 1023 juxta
1311 984 1494 1024 quamdam
1513 984 1762 1016 ordinationem
1779 985 1888 1025 eJusd.
1907 985 1989 1017 eccl.
2009 994 2083 1018 can.
2100 986 2270 1027 assignari
2284 994 2361 1020 eon-

757 1040 873 1075 suetae,
893 1037 1030 1078 Seyuino
1057 1037 1095 1068 de
1121 1036 1302 1074 Ber-betam,
1323 1037 1378 1069 cui
1400 1045 1520 1069 canon.
1539 1038 1573 1070 et
1587 1037 1690 1078 praeb.
1708 1038 1806 1070 dictae
1824 1038 1920 1077 eccl„
1934 1047 2007 1070 vac.
2025 1047 2087 1079 per
2102 1039 2184 1072 obit.
2201 1039 2284 1072 dieti
2296 1039 2363 1074 Ge·

757 1091 862 1128 rardi,
879 1091 961 1122 Ρ.Ρ.
978 1091 1106 1131 praevia
1120 1092 1283 1122 reservat.
1303 1090 1459 1122 contulit.
1477 1107 1515 1114 --
1530 1091 1557 1122 Ι.
1576 1099 1606 1122 e.
1625 1099 1670 1122 m.
1684 1091 1870 1124 Guillelmo
1885 1092 1927 1124 de
1942 1091 2173 1131 Rivoforcato‚
2191 1092 2361 1131 Toletan..

757 1146 790 1175 et
806 1144 993 1175 Bertrando
1021 1144 1063 1175 de
1082 1144 1190 1176 Turre
1206 1153 1244 1175 ac
1259 1143 1446 1176 Guillelmo
1472 1144 1513 1176 de
1535 1144 1650 1182 Prato,
1668 1144 1843 1185 Agennen.
1866 1153 1940 1177 can.
1965 1145 2047 1178 eccl.
2065 1145 2119 1186 (A.
2140 1147 2189 1184 15,
2208 1146 2231 1178 f.
2249 1147 2311 1180 842
2326 1146 2360 1185 ³3

762 1197 798 1228 V.
814 1198 864 1233 72,
886 1206 938 1236 ep.
959 1198 1065 1235 1563.)

804 1247 939 1279 13356.
959 1267 998 1272 -
1014 1250 1136 1282 Collat.
1153 1258 1272 1281 canon.
1290 1249 1354 1281 sub
1370 1258 1467 1290 exsp.
1483 1249 1586 1290 praeb.
1603 1250 1685 1282 eccl.
1703 1251 1921 1283 cameracen.
1937 1261 2019 1293 maq.
2033 1251 2197 1284 Guillelmo
2211 1253 2365 1295 Kayride

757 1304 1002 1342 Montecornuto,
1017 1303 1076 1343 qui
1091 1303 1127 1334 in
1148 1303 1222 1334 loco
1239 1303 1281 1334 de
1294 1303 1563 1341 Montecornuto‚
1582 1303 1781 1336 Laudunen.
1801 1304 1861 1342 di.,
1879 1304 2062 1345 quamdam
2082 1305 2203 1346 capell.
2219 1305 2362 1340 obtinet.

757 1374 796 1379 -
813 1357 839 1387 I.
858 1365 886 1388 e.
905 1365 950 1388 m.
975 1356 1104 1387 cantori
1129 1356 1209 1388 eccl.
1228 1356 1459 1394 Cameracen„
1484 1357 1517 1388 et
1540 1356 1727 1389 Guillelmo
1749 1357 1790 1389 de
1807 1357 2026 1390 Rivoforcato
2043 1367 2117 1391 can.
2134 1359 2303 1399 Toletan„
2322 1368 2364 1394 ac

757 1409 896 1441 officiali
913 1410 1129 1441 Cameracen.
1148 1409 1200 1448 (Α.
1218 1411 1268 1447 15,
1283 1409 1307 1440 f.
1323 1411 1384 1441 506
1400 1408 1414 1431 ¹³
1425 1419 1435 1446 ς
1457 1409 1494 1441 V.
1515 1411 1566 1447 72,
1579 1418 1632 1450 ep.
1651 1409 1759 1451 1580.)

803 1460 936 1491 13357.
961 1479 999 1484 -
1013 1462 1150 1503 Sequino
1172 1461 1209 1493 de
1230 1462 1403 1494 Ber-betam»
1424 1463 1512 1494 conf.
1536 1463 1668 1495 decima
1683 1463 1725 1495 de
1740 1464 1912 1501 Cantorio,
1929 1465 2104 1505 Agennen.
2121 1465 2182 1504 di„
2199 1474 2260 1506 per
2277 1465 2361 1500 obit.

756 1515 892 1548 Girardi
909 1516 949 1546 de
965 1516 1068 1547 Bussi
1083 1516 1172 1555 apud
1189 1516 1223 1548 S.
1244 1517 1282 1547 A.
1299 1516 1470 1547 mediante
1487 1517 1719 1548 reservatione
1737 1525 1809 1549 vac.
1825 1519 1859 1549 et
1873 1519 2036 1550 consueta
2048 1518 2091 1550 ab
2108 1518 2191 1551 olim
2203 1519 2284 1552 cler.
2300 1528 2364 1553 so-

757 1569 823 1600 cul.
840 1569 876 1600 in
892 1569 1003 1600 benef.
1023 1569 1192 1609 assignari
1198 1578 1208 1605 ;
1238 1578 1306 1600 non
1334 1569 1421 1601 obst.
1446 1578 1564 1601 canon.
1582 1571 1615 1602 et
1639 1569 1743 1610 praeb.
1761 1571 1842 1603 eccl.
1859 1571 2046 1612 Agennen„
2066 1572 2204 1613 paroch.
2220 1573 2303 1606 eccl.
2318 1573 2362 1607 de

756 1622 978 1654 Varranhano
995 1631 1071 1653 cum
1090 1623 1170 1654 eccl.
1190 1622 1257 1653 sibi
1277 1623 1432 1661 annexis,
1449 1631 1477 1653 s.
1494 1623 1617 1663 Papuli
1631 1623 1691 1659 di„
1710 1625 1743 1656 et
1759 1624 1906 1664 quadam
1921 1633 2035 1657 annua
2048 1626 2212 1666 pensione
2225 1626 2308 1665 (ml.
2318 1626 2363 1667 t.)

756 1676 792 1706 in
807 1676 886 1708 eccl.
900 1685 927 1706 s.
945 1676 1102 1716 caprasii
1115 1676 1290 1716 Agennen.
1306 1677 1378 1708 -Ι,
1394 1685 1422 1708 e.
1437 1685 1483 1707 m.
1495 1678 1533 1708 ut
1546 1685 1588 1715 s.,
1604 1685 1636 1708 n.
1651 1679 1761 1709 13355.
1776 1677 1832 1718 (Α.
1849 1679 1899 1714 11,
1911 1678 1936 1710 f.
1951 1679 2048 1716 4785
2065 1679 2102 1711 V.
2118 1681 2170 1718 72,
2184 1688 2238 1720 ep.
2255 1679 2364 1722 1600.)

802 1726 936 1758 13353.
957 1747 995 1751 -
1012 1729 1125 1760 Mand.
1156 1739 1225 1770 ep.o
1246 1729 1472 1770 Petraqoricen.
1495 1732 1532 1762 ut
1547 1730 1706 1762 instituat
1721 1739 1816 1771 perp.
1835 1732 2046 1764 sacerdotem
2061 1732 2097 1764 in
2114 1733 2195 1765 eccl.
2214 1733 2256 1765 de
2271 1741 2362 1766 novo

756 1784 950 1814 constructa
968 1783 1004 1813 in
1019 1783 1103 1814 villa
1118 1783 1354 1823 Belliregardi,
1373 1791 1444 1814 suae
1460 1783 1520 1820 di..
1538 1792 1643 1824 prope
1659 1793 1784 1816 novam
1796 1784 1968 1817 bastidam
1985 1794 2045 1826 per
2060 1786 2227 1818 Arturum
2240 1786 2362 1820 ducem

755 1836 940 1867 Britanniae
965 1836 1198 1874 constitutam,
1230 1836 1379 1867 instante
1408 1837 1538 1868 Joanne
1556 1837 1664 1877 eJusd.
1694 1837 1791 1869 ducis
1813 1837 1897 1876 filio,
1922 1838 2122 1871 vicecomite
2144 1839 2359 1872 Lemovioen.

755 1889 809 1929 (A.
829 1890 878 1926 15,
894 1889 917 1921 f.
930 1890 970 1920 89
982 1889 1011 1926 ¹³;
1042 1889 1074 1919 V.
1093 1891 1142 1927 71,
1161 1898 1212 1929 ep.
1230 1891 1315 1928 659.)

801 1939 936 1971 13359.
958 1959 995 1966 --
1013 1943 1125 1974 Mand.
1143 1942 1274 1973 Gerardi
1294 1942 1421 1983 Viqerii,
1439 1943 1547 1983 priori
1566 1952 1593 1974 s.
1612 1944 1705 1975 Petri
1721 1944 1762 1976 de
1776 1945 1941 1984 coquinis
1955 1945 2130 1981 Tolosam,
2143 1947 2177 1977 et
2185 1945 2360 1987 Huqoniae

754 1995 967 2036 Romenyosio,
992 2005 1063 2027 can.
1089 1996 1337 2034 Convenarum,
1366 1998 1404 2028 ut
1428 1997 1470 2027 ad
1485 1997 1616 2028 curiam
1634 1998 1810 2029 remittant
1826 2006 1964 2030 causam
1983 2007 2097 2030 coram
2113 1999 2202 2039 ipsis
2217 2000 2358 2032 ventila-

753 2050 823 2080 tam
838 2049 926 2080 inter
949 2050 1190 2089 Raymundum
1214 2049 1340 2080 Vitalis
1362 2050 1402 2080 de
1419 2059 1445 2080 s.
1464 2050 1562 2090 Lupo
1578 2051 1611 2081 et
1629 2051 1769 2082 Petrum
1787 2051 1899 2082 Isarni
1917 2060 2019 2091 super
2034 2052 2117 2084 eccl.
2137 2060 2166 2083 s.
2181 2052 2360 2086 Saturnini

754 2102 794 2132 de
813 2102 975 2139 Vibrano,
996 2102 1227 2142 Mirapiscen.,
1242 2102 1325 2133 olim
1336 2103 1495 2134 Tolosan.
1514 2103 1572 2139 di„
1589 2112 1665 2134 cum
1677 2104 1948 2144 sequestratione
1962 2104 2134 2136 fructuum
2149 2105 2258 2146 eJusd.
2274 2106 2359 2139 eccl.

752 2155 853 2195 hujus
869 2164 978 2186 causae
996 2155 1115 2186 victori
1132 2156 1432 2187 restituendorum.
1451 2156 1502 2195 (Α.
1519 2157 1570 2194 15,
1587 2156 1609 2188 f.
1626 2156 1707 2194 44¹3
1728 2156 1762 2186 V.
1779 2159 1830 2194 71,
1847 2165 1900 2197 ep.
1916 2157 2004 2198 663.)

799 2206 934 2238 13360.
955 2227 994 2231 -
1025 2208 1152 2239 Nicolao
1182 2209 1217 2239 de
1250 2207 1368 2239 Frattis
1397 2219 1465 2239 can.
1495 2208 1675 2247 Patracen„
1705 2210 1771 2242 litt.
1792 2212 1901 2250 apost.
1918 2211 2112 2250 correctori,
2130 2213 2358 2246 committitur

753 2270 855 2292 causa
877 2263 1012 2293 vertens
1031 2262 1120 2293 inter
1136 2262 1302 2293 vicarium
1318 2262 1411 2293 Petri
1429 2263 1497 2302 ep.i
1514 2262 1682 2303 Anagnin.
1700 2265 1733 2295 et
1749 2272 1835 2304 mag.
1862 2264 2028 2296 Joannem
2050 2265 2166 2306 Magni
2179 2266 2355 2306 Aurificis,

752 2315 831 2346 cler.
850 2315 930 2346 eccl.
950 2324 977 2346 s.
996 2316 1015 2346 J
1018 2316 1138 2346 oannis
1153 2315 1193 2346 de
1204 2316 1297 2346 Duce
1309 2316 1491 2355 Anagnin.‚
1508 2316 1573 2347 ΡΡ.
1591 2317 1805 2356 scriptorem,
1820 2325 1924 2357 super
1934 2317 2138 2357 spoliatione
2146 2318 2259 2351 benef.
2274 2319 2358 2352 dicti

752 2368 932 2400 clericatus
949 2377 1009 2408 per
1027 2369 1183 2400 eumdem
1201 2369 1367 2400 vicarium
1388 2369 1487 2400 alteri
1501 2370 1628 2401 collati.
1649 2370 1701 2408 (A.
1720 2371 1770 2406 15,
1790 2370 1814 2401 f.
1829 2372 1870 2403 45
1886 2376 1914 2407 ⁸3
1941 2370 1974 2401 V.
1993 2373 2043 2407 71,
2059 2380 2113 2412 ep.
2128 2372 2217 2412 665.)
2277 2410 2283 2416 .

796 2418 933 2451 13361.
954 2437 991 2443 -
1013 2421 1190 2452 Guardiano
1205 2426 1234 2452 et
1245 2431 1331 2452 conv.
1349 2421 1382 2453 Ο.
1401 2421 1437 2452 F.
1457 2423 1499 2453 M.
1517 2422 1715 2454 Condomien.
1730 2424 2002 2464 supplicantibus
2019 2425 2240 2465 suspenditur
2257 2434 2319 2466 per
2335 2435 2357 2458 x

751 2474 824 2506 dies
847 2475 1065 2506 interdictum
1082 2475 1135 2506 cui
1154 2475 1274 2506 civitas
1291 2475 1509 2507 Condomien.
1531 2476 1634 2508 certis
1652 2477 1767 2508 causis
1784 2477 1850 2509 fuit
1866 2479 1953 2509 auct.
1972 2478 2144 2510 ordinaria
2160 2479 2352 2520 supposita,

751 2529 784 2559 et
798 2527 860 2559 hoc
877 2528 1071 2559 conceditur
1088 2530 1226 2568 propter
1241 2528 1504 2560 celebrationem
1521 2530 1621 2569 capit.
1637 2530 1859 2570 provincialis
1869 2531 1909 2575 F.
1924 2531 1964 2563 Ο.
1977 2531 2021 2563 Μ.
2030 2541 2041 2568 ;
2053 2540 2151 2572 epus
2166 2532 2258 2564 enim
2265 2533 2356 2566 Con-

750 2581 898 2612 domien.
925 2581 960 2612 in
987 2582 1128 2612 remotis
1148 2590 1251 2622 agens
1274 2590 1336 2621 pro
1364 2583 1589 2621 suspensione
1606 2583 1801 2623 hujusmodi
1825 2592 1976 2624 praesens
2002 2584 2121 2616 haberi
2143 2593 2211 2617 non
2227 2586 2353 2625 potest.

749 2634 803 2674 (A.
823 2635 871 2671 15,
891 2634 914 2665 f.
930 2635 970 2666 94
986 2639 1015 2671 ⁸;
1038 2634 1071 2665 V.
1090 2636 1140 2671 71,
1158 2643 1210 2674 ep.
1227 2635 1303 2671 680;
1320 2635 1441 2672 Eubel‚
1459 2635 1635 2666 Bullarium
1648 2635 1902 2676 Franciscanum,
1922 2639 1947 2669 t.
1966 2638 2008 2676 V,
2025 2646 2058 2677 p.
2075 2639 2146 2676 206,
2163 2647 2196 2670 n.
2213 2638 2302 2679 431.)

795 2684 930 2716 13362.
951 2705 988 2711 —
1002 2688 1119 2719 Facul.
1146 2687 1308 2719 Guillelmo
1333 2687 1487 2719 Valentin.
1505 2694 1534 2720 et
1557 2689 1645 2720 Dien.
1667 2699 1737 2730 ep.o
1754 2694 1784 2721 et
1800 2690 1895 2732 capit.
1913 2690 1988 2721 eccl.
2017 2690 2168 2722 Valentin.
2184 2691 2354 2724 vendendi

748 2740 879 2771 fructus
908 2741 1124 2781 episcopatus
1142 2741 1315 2774 Valentin.
1344 2742 1386 2773 ad
1402 2743 1560 2774 undecim
1578 2751 1685 2774 annos
1699 2752 1760 2784 pro
1776 2744 1947 2784 emptione
1960 2745 2064 2776 castri
2080 2745 2301 2777 castellionis
2317 2745 2354 2777 in

749 2793 848 2824 Dien.
865 2794 910 2824 di.
927 2794 1116 2832 constituti,
1133 2795 1175 2826 ad
1190 2795 1377 2835 principem
1394 2796 1569 2827 Aurasicae
1585 2797 1723 2836 pertin„
1742 2798 1851 2837 pretio
1872 2798 1986 2830 15.000
2005 2797 2173 2830 librarum
2194 2799 2351 2831 viennen.

750 2846 801 2883 (A.
821 2848 870 2884 15,
891 2846 913 2877 f.
934 2849 973 2879 96
990 2852 1018 2884 ες
1044 2846 1076 2878 V.
1097 2849 1146 2886 72,
1164 2856 1217 2887 ep.
1238 2849 1323 2888 704.)

795 2897 931 2929 13363.
949 2917 987 2923 -
1003 2900 1080 2932 Eid.
1101 2901 1271 2933 absolutio
1289 2901 1331 2934 ab
1345 2902 1597 2942 irregularitate
1619 2904 1756 2935 incursa
1773 2905 1949 2936 occasione
1963 2904 2147 2937 dirutionis
2162 2905 2244 2937 eccl.
2262 2905 2353 2946 prio-

748 2953 843 2983 ratus
862 2953 902 2984 de
919 2953 1027 2992 Clivo,
1045 2954 1084 2987 Ο.
1105 2954 1138 2986 S.
1155 2955 1206 2992 B.,
1225 2964 1294 2987 suae
1307 2956 1353 2987 di.
1371 2957 1423 2996 (A.
1445 2958 1496 2996 15,
1513 2956 1537 2987 f.
1559 2957 1598 2988 96
1614 2957 1648 2994 ¹³;
1671 2957 1708 2990 V.
1728 2958 1779 2996 72,
1796 2966 1848 2997 ep.
1866 2958 1951 2997 705.)
