2566 3562
204 447 308 475 Datum
326 441 509 476 Avenione.

166 539 190 567 2
207 540 250 574 (lv
267 538 347 572 non.)
361 537 429 572 jun.
453 536 539 565 1320.

317 751 355 779 Ut
375 759 398 779 8.

318 965 356 992 Ut
376 973 399 992 s.

281 1116 461 1154 .Uts.'

318 1337 356 1366 Ut
375 1346 399 1365 s.

319 1497 355 1525 Ut
374 1505 398 1525 s,

320 1604 357 1632 Ut
376 1612 400 1631 s.

323 1763 359 1791 Ut
373 1770 398 1791 s.

172 1977 196 2006 a
216 1981 249 2013 (n
268 1976 351 2013 non.)
368 1976 436 2011 jun.
458 1975 545 2003 4320.

326 2243 362 2271 Ut
382 2251 406 2270 s.

327 2509 363 2538 Ut
383 2517 406 2537 s.

330 2722 398 2750 Uts

336 2935 371 2964 Ut
391 2940 414 2963 ε’.

575 357 748 388 JOANNIS
772 358 889 388 PAPAE
912 359 1012 389 XXII.
1037 361 1285 398 (1316-1334).
1308 378 1346 382 —
1368 360 1553 390 LITTERAE
1576 360 1627 390 DE
1650 359 1774 390 CURIA
2135 362 2189 392 161

644 532 778 565 12143.
796 553 835 558 -
848 535 960 567 Eidem
979 536 1172 577 indulgetur
1194 537 1283 577 quod
1301 537 1409 577 possit
1430 537 1599 568 celebrare
1617 538 1649 568 et
1674 537 1782 569 facere
1796 537 1960 569 celebrari
1976 537 2011 568 in
2027 537 2111 569 locis
2125 546 2194 568 suae

597 589 776 629 legationis
801 589 989 621 ecclesiast.
1011 590 1190 621 interdicto
1213 590 1403 630 suppositis
1425 590 1494 621 alta
1513 599 1591 621 voce
1611 592 1644 622 et
1664 590 1810 630 pulsatis
1830 591 2015 630 campanis,
2036 591 2192 630 idemque

597 642 705 674 facere
720 642 832 673 valeat
852 644 930 682 post
957 651 1129 674 recessum
1159 652 1259 674 suum
1276 643 1317 674 de
1344 643 1414 674 illis
1432 643 1527 679 locis,
1561 644 1591 674 si
1618 644 1789 683 contingat
1807 644 1920 683 ipsum
1935 644 2046 675 redire
2062 644 2104 674 ad
2121 652 2193 675 eos-

597 696 685 727 dem.
706 695 759 734 (V.
777 696 827 732 70,
843 704 895 735 ep.
914 697 983 733 179,
1002 695 1038 726 de
1051 696 1130 736 cur.)

644 745 779 777 12144.
797 767 835 772 -
855 748 968 779 Eidem
993 749 1137 780 facultas
1158 749 1315 788 privandi
1341 749 1419 779 illos
1438 749 1516 780 cler.
1541 749 1660 788 gratiis
1678 749 1744 780 sibi
1770 750 1941 780 concessis
1967 749 2009 780 ab
2026 749 2066 780 A.
2086 750 2115 780 S.
2134 750 2193 789 qui

598 802 750 842 ingratos
765 802 798 832 et
814 801 991 832 indevotos
1008 810 1044 832 se
1061 801 1269 832 reddiderint
1285 803 1317 832 et
1332 801 1567 832 inobedientes
1583 802 1618 832 in
1633 801 1686 832 bis
1704 811 1778 841 quae
1797 803 1949 841 spectant
1962 802 2003 833 ad
2023 811 2092 834 suae
2106 802 2193 842 lega·

597 854 701 885 tionis
717 854 880 890 officium,
898 855 930 885 et
954 854 1130 886 inhibendi
1155 853 1395 885 executoribus
1416 854 1506 894 quod
1534 855 1567 884 in
1586 863 1702 886 eorum
1722 855 1841 894 gratiis
1861 856 2054 894 procedant.
2071 855 2124 894 (V.
2143 857 2192 891 70,

598 916 651 947 ep.
671 908 740 943 180,
763 906 799 938 de
813 907 893 947 cur.)

645 957 779 988 12145.
798 977 836 981 -
852 959 929 990 Eid.
946 969 1038 991 conc.
1057 961 1093 991 ut
1110 960 1219 1000 possit
1237 960 1436 1000 dispensare
1456 969 1531 991 cum
1548 962 1587 992 20
1602 961 1681 991 cler.
1694 961 1840 1000 partium
1859 969 1927 992 suae
1943 961 2123 1000 legationis
2139 961 2195 992 de-

599 1013 724 1044 fectum
742 1013 951 1052 patientibus
973 1013 1009 1044 in
1027 1012 1217 1051 ordinibus,
1235 1015 1272 1045 ut
1289 1013 1399 1044 benef.
1427 1015 1542 1045 curata
1568 1014 1714 1044 retinere
1734 1015 1767 1045 et
1788 1014 1849 1044 illa
1875 1014 2024 1053 recipere
2048 1014 2194 1048 valeant,

599 1066 782 1098 dummodo
799 1066 842 1098 ad
858 1066 995 1098 ordines
1006 1075 1043 1098 se
1059 1066 1182 1098 saciant
1192 1067 1329 1098 statutis
1345 1067 1557 1106 temporibus
1574 1067 1778 1107 promoveri.
1794 1067 1849 1106 (V.
1861 1068 1911 1105 70,
1926 1075 1978 1106 ep.
1995 1066 2109 1102 181,de
2119 1067 2197 1105 cur.)

647 1116 779 1149 12146.
798 1137 836 1143 --
850 1118 928 1150 Eid.
946 1119 1204 1151 committuntur
1215 1119 1362 1160 cognitio
1378 1121 1411 1151 et
1427 1119 1555 1151 decisio
1571 1128 1750 1151 causarum
1762 1119 1913 1151 omnium
1930 1119 2195 1159 appellationum

600 1172 636 1203 in
662 1172 807 1213 negotiis
827 1172 1074 1212 temporalibus
1099 1172 1142 1204 ad
1161 1173 1194 1204 S.
1213 1173 1253 1204 A.
1271 1172 1524 1212 interjectarum
1543 1181 1562 1204 a
1578 1172 1849 1212 quibuscumque
1865 1171 2070 1204 officialibus
2089 1172 2130 1203 A.
2149 1172 2196 1209 S„

601 1235 675 1266 quae
693 1226 801 1257 adhuc
818 1226 891 1257 sedi
906 1226 1074 1266 praedictae
1087 1235 1154 1257 non
1169 1226 1247 1257 sunt
1267 1227 1489 1266 praesentatae,
1504 1228 1537 1257 et
1552 1226 1695 1257 facultas
1709 1234 1766 1257 eas
1779 1226 1956 1257 decidendi
1973 1224 2116 1256 ubilibet
2131 1234 2200 1256 suae

601 1280 793 1320 legationis.
810 1278 864 1320 (V.
881 1281 930 1317 70,
946 1288 998 1319 ep.
1018 1281 1088 1317 182,
1105 1279 1142 1310 de
1158 1282 1236 1319 cur.)

649 1329 783 1361 12147.
801 1349 840 1355 --
855 1332 931 1365 Eia.
958 1341 1050 1364 conc.
1070 1333 1160 1372 quod
1181 1332 1216 1363 in
1233 1332 1412 1364 solemniis
1430 1333 1623 1364 divinorum
1640 1332 1761 1363 officiis
1777 1333 1830 1363 vel
1847 1331 1994 1372 publicis
2009 1332 2199 1371 parlamen-

602 1386 648 1418 tis
665 1385 908 1418 assistentibus
929 1386 1039 1426 possit
1062 1386 1142 1417 dare
1158 1386 1404 1427 indulgentiam
1422 1386 1525 1417 unius
1541 1386 1620 1417 anni
1637 1388 1667 1417 et
1686 1387 1744 1417 100
1757 1386 1899 1417 dierum.
1917 1385 1972 1425 (V.
1991 1386 2041 1422 70,
2060 1393 2111 1424 ep.
2128 1386 2198 1420 183,

603 1439 640 1470 de
654 1439 734 1479 cur.)

650 1489 787 1522 12148.
809 1511 846 1516 —-
863 1492 940 1523 Eid.
957 1492 1151 1533 indulgetur
1166 1492 1257 1532 quod
1272 1492 1382 1532 possit
1399 1492 1507 1524 facere
1523 1492 1686 1523 celebrari
1703 1494 1734 1524 et
1751 1491 1920 1523 celebrare
1937 1492 1971 1522 in
1987 1491 2071 1522 locis
2089 1493 2121 1522 et
2135 1492 2200 1522 ter-

603 1546 652 1578 ris
666 1555 736 1577 suae
750 1546 931 1586 legationis
947 1546 1137 1579 ecclesiast.
1156 1546 1344 1586 suppositis
1363 1546 1553 1577 interdicto.
1573 1545 1629 1586 (V.
1647 1547 1697 1583 70,
1714 1554 1765 1585 ep.
1784 1546 1853 1583 184,
1869 1545 1904 1575 de
1921 1545 2002 1584 cur.)

651 1596 786 1629 12149.
803 1617 843 1622 -
858 1599 935 1629 Eid.
954 1600 1104 1639 potestas
1129 1599 1323 1630 conferendi
1345 1599 1508 1630 beneficia
1530 1608 1603 1639 quae
1623 1600 1715 1630 tanto
1734 1600 1883 1638 tempore
1902 1597 2094 1629 vacaverint
2110 1596 2201 1637 quod

605 1661 722 1684 eorum
738 1652 874 1684 collatio
899 1653 950 1684 est
977 1652 1018 1683 ad
1032 1653 1066 1684 S.
1083 1653 1124 1684 A.
1141 1652 1310 1689 devoluta,
1326 1652 1476 1692 exceptis
1492 1652 1535 1683 iis
1551 1661 1624 1692 quae
1641 1652 1834 1683 vacaverint
1849 1660 1909 1691 per
1924 1650 2201 1682 constitutionem

605 1715 621 1736 «
638 1706 863 1737 Execrabilis.
884 1715 899 1735 »
916 1705 970 1744 (V.
991 1706 1041 1742 70,
1057 1714 1110 1745 ep.
1132 1707 1202 1743 185,
1218 1705 1254 1736 de
1269 1705 1348 1745 cur.)

651 1756 787 1788 12150.
808 1776 846 1780 -
862 1758 937 1789 Eid.
958 1758 1151 1799 indulgetur
1166 1761 1214 1796 ut,
1233 1768 1295 1790 sua
1310 1758 1477 1798 legatione
1495 1759 1648 1795 durante,
1662 1757 1771 1798 possit
1787 1757 1936 1798 recipere
1954 1756 2200 1796 resignationes

604 1805 715 1844 benef.
737 1821 755 1843 a
772 1813 930 1852 personis
945 1821 1015 1843 suae
1032 1812 1211 1852 legationis
1224 1812 1278 1843 vel
1297 1814 1404 1849 extra,
1425 1820 1487 1843 sua
1508 1811 1618 1842 benef.
1637 1811 1724 1842 inter
1741 1819 1777 1842 se
1795 1812 1987 1850 permutare
2009 1809 2203 1841 volentibus

606 1867 639 1898 et
654 1875 693 1898 ea
708 1866 795 1905 ipsis
810 1865 1083 1904 permutantibus
1098 1865 1250 1896 conferre
1264 1866 1296 1896 et
1314 1865 1347 1896 in
1364 1865 1573 1905 corporalem
1591 1864 1844 1904 possessionem
1864 1864 1957 1904 ipsas
1971 1871 2135 1903 personas
2155 1862 2203 1892 in·

608 1920 741 1951 ducere.
755 1918 809 1959 (V.
825 1920 875 1956 70,
891 1927 942 1959 ep.
963 1920 1032 1955 186,
1050 1918 1087 1949 de
1102 1920 1181 1957 cur.)

653 1970 788 2002 12151.
804 1989 842 1994 -—
858 1971 941 2012 May.
958 1971 1120 2003 Guillelmo
1137 1971 1174 2002 de
1196 1971 1336 2009 Balaeto,
1352 1971 1471 2002 archid.
1492 1971 1696 2011 Forojulien.‚
1713 1971 1780 2001 ΡΡ.
1802 1980 1885 2011 cap„
1910 1970 2089 2011 Campaniae
2106 1969 2205 1999 Mari-

607 2026 743 2067 timaeque
758 2026 870 2056 rectori
886 2026 1000 2057 mand.
1021 2026 1057 2056 ut
1068 2025 1217 2066 inquirat
1232 2025 1272 2056 de
1290 2025 1450 2056 censibus
1464 2025 1544 2056 eccl.
1562 2026 1721 2056 Romanae
1732 2023 1856 2055 debitis
1876 2032 1895 2055 a
1910 2023 2059 2064 praelatis
2076 2024 2108 2053 et
2125 2022 2205 2053 aliis

606 2079 859 2120 provinciarum
876 2079 1069 2119 Campaniae
1086 2080 1118 2110 et
1128 2078 1320 2116 Maritimae,
1339 2079 1372 2109 et
1386 2078 1479 2118 ipsos
1497 2087 1619 2109 census
1635 2077 1702 2108 sibi
1717 2077 1807 2109 Eccl.
1826 2077 1986 2109 Romanae
2003 2075 2138 2107 nomine
2155 2075 2205 2106 sa-

607 2134 673 2165 ciat
700 2132 879 2173 assignari.
900 2132 954 2171 (V.
967 2133 1016 2169 70,
1035 2141 1087 2172 ep.
1112 2133 1163 2170 82,
1181 2131 1218 2162 de
1233 2142 1313 2169 cur-‚3
1330 2131 1488 2168 Theiner,
1513 2131 1616 2162 Codeae
1637 2130 1865 2171 diplomaticus,
1891 2131 1916 2161 t.
1939 2131 1965 2167 I,
1985 2138 2017 2169 p.
2034 2131 2104 2166 494,
2132 2129 2206 2159 doc.

556 2227 560 2230 ¹
607 2186 771 2226 Dcmv.)

656 2237 790 2269 12152.
807 2258 843 2262 —
863 2238 937 2271 Eid.
957 2238 1180 2270 committitur
1208 2239 1245 2269 ut
1278 2238 1430 2278 inquirat
1446 2239 1564 2269 contra
1595 2237 1736 2268 clericos
1765 2238 1798 2268 et
1827 2236 2014 2268 ecclesiast.
2043 2243 2205 2275 personas

609 2293 801 2334 Campaniae
817 2293 849 2324 et
865 2292 1044 2324 Maritimae
1056 2292 1115 2332 qui
1131 2291 1295 2323 beneficia
1320 2291 1551 2322 ecclesiastica
1567 2290 1755 2330 spectantia
1770 2291 1811 2321 ad
1820 2289 2035 2321 collationem
2055 2288 2108 2319 vel
2126 2296 2205 2327 prae·

610 2347 834 2378 sentationem
858 2345 999 2377 rectoris
1024 2345 1176 2385 ipsarum
1203 2345 1469 2385 provinciarum,
1488 2344 1547 2384 qui
1563 2345 1614 2375 est
1637 2352 1696 2383 pro
1715 2345 1877 2382 tempore,
1898 2342 1964 2372 sibi
1986 2341 2207 2381 procurarunt

609 2399 768 2438 conferri,
787 2401 819 2431 et
836 2398 1000 2430 rescribat
1019 2407 1056 2430 ac
1077 2398 1157 2430 citet
1173 2398 1260 2429 tales
1278 2399 1314 2429 ut
1337 2398 1366 2428 si
1384 2406 1446 2428 sua
1463 2397 1667 2428 crediderint
1694 2397 1859 2427 interesse
1876 2396 1982 2435 apost.
2001 2403 2037 2425 se
2053 2402 2210 2432 conspec-

609 2454 660 2486 tui
680 2454 898 2494 praesentent.
915 2451 968 2493 (V.
989 2453 1039 2489 70,
1056 2460 1108 2492 ep.
1129 2453 1179 2490 83,
1197 2451 1233 2481 de
1249 2451 1329 2491 cur.)

658 2503 793 2535 12153.
809 2523 847 2528 -—
862 2505 939 2536 ΕΜ.
956 2505 1070 2536 mand.
1089 2506 1126 2536 ut
1141 2513 1177 2536 se
1192 2504 1352 2535 informet
1369 2504 1410 2535 de
1426 2503 1557 2534 decima
1578 2511 1638 2542 pro
1659 2502 1814 2533 subsidio
1831 2502 1928 2532 terrae
1950 2500 2075 2531 sanctae
2092 2499 2126 2529 in
2148 2506 2209 2528 sua

611 2560 787 2601 provincia
802 2568 821 2591 a
837 2559 904 2590 PP.
924 2558 1097 2590 Clemente
1113 2559 1142 2590 V
1159 2558 1331 2597 imposita,
1349 2559 1381 2588 et
1400 2556 1563 2588 rescribat
1583 2556 1747 2595 quantum
1763 2556 1795 2585 et
1812 2554 1846 2584 in
1865 2553 1988 2593 quibus
2006 2551 2209 2583 dioecesibus

612 2615 664 2645 est
686 2613 877 2650 collectum,
894 2612 984 2652 apud
1009 2620 1094 2651 quos
1121 2611 1266 2651 pecunia
1292 2610 1431 2641 collecta
1455 2610 1519 2640 fuit
1534 2608 1701 2648 deposita,
1722 2608 1753 2638 et
1767 2607 1930 2646 quantum
1944 2606 2049 2636 restat
2066 2605 2105 2635 de
2122 2603 2211 2635 dicta

613 2666 744 2699 decima
759 2665 998 2706 colligendum.
1016 2665 1070 2704 (V.
1091 2665 1140 2700 70,
1159 2673 1211 2711 ep.
1231 2665 1280 2699 81,
1298 2663 1334 2693 de
1349 2663 1430 2701 cur.)

660 2716 794 2748 12154.
807 2737 842 2742 —
859 2717 935 2749 Eid.
953 2717 1064 2749 mand.
1081 2718 1117 2748 ut
1134 2717 1246 2756 exigat
1261 2716 1425 2747 rationem
1444 2724 1462 2746 a
1478 2713 1650 2746 nobilibus
1668 2712 1752 2743 viris
1768 2711 1930 2747 Roffrido‚
1951 2710 2160 2746 Fundorum,
2177 2709 2210 2741 et

614 2773 797 2805 Benedicto
810 2772 986 2812 Gayetano
1002 2771 1042 2802 de
1056 2770 1220 2810 Anagnia.
1239 2769 1383 2800 Palatin.
1398 2767 1591 2804 comitibus,
1609 2765 1667 2806 qui
1684 2765 1765 2796 olim
1780 2764 1930 2795 officium
1946 2763 2096 2795 rectoriae
2114 2763 2210 2794 Cam—

615 2826 724 2866 paniae
740 2825 888 2866 gessisse
903 2824 1072 2860 dicuntur,
1090 2823 1149 2854 sed
1164 2823 1205 2854 de
1219 2822 1272 2852 his
1288 2831 1362 2862 quae
1378 2820 1576 2860 receperunt
1594 2819 1636 2850 ad
1651 2826 1819 2849 cameram
1832 2817 1939 2857 apost.
1958 2817 2063 2856 spect.
2080 2815 2211 2846 nullam

616 2879 836 2911 reddiderunt
853 2877 1029 2909 rationem.
1047 2875 1101 2916 (V.
1117 2877 1166 2912 70,
1181 2885 1233 2915 ep.
1244 2876 1295 2912 85,
1312 2874 1349 2904 de
1367 2874 1446 2913 cur.)

664 2928 797 2960 12155.
815 2929 942 2960 -Εὶά,
966 2929 1191 2961 committitur
1208 2928 1297 2968 quod
1324 2936 1384 2967 per
1401 2935 1436 2958 se
1459 2927 1492 2957 et
1507 2925 1594 2957 alios
1616 2924 1796 2963 diligenter
1819 2922 1968 2962 inquirat
1994 2922 2110 2953 contra
2132 2921 2212 2953 illos

619 2985 678 3026 qui
697 2985 784 3016 bona
799 2984 840 3015 de
853 2983 1012 3014 thesauro
1031 2982 1121 3013 Eccl.
1140 2981 1301 3012 Romanae
1319 2979 1480 3019 Anagniae
1505 2978 1720 3018 asportarunt
1743 2984 1846 3015 eaque
1869 2975 2111 3006 subtraxerunt
2128 2976 2213 3006 tem-

620 3047 700 3079 pore
717 3036 883 3069 Bonit'acii
899 3036 967 3067 PP.
985 3035 1078 3071 VIII,
1096 3035 1128 3066 et
1143 3033 1325 3073 compellat
1340 3041 1398 3064 eos
1414 3033 1454 3063 ad
1471 3030 1732 3063 restitutionem.
1745 3028 1797 3068 (V.
1811 3030 1861 3066 70,
1879 3037 1931 3069 ep.
1947 3029 1997 3066 86,
2017 3027 2053 3058 de
2068 3027 2148 3067 cur.)

330 3094 479 3123 JOANNJS
498 3093 580 3121 xxn.
600 3108 634 3114 -
654 3092 685 3120 Τ.
707 3091 754 3119 111.
2039 3081 2073 3109 21
