2626 3568
423 421 525 448 Datum
545 417 726 450 Avenione.

462 736 499 764 17
513 739 582 772 sept.
601 735 690 763 1319.

468 782 520 817 (xv
536 780 596 808 kal.
613 781 683 814 oct.)

511 826 541 853 T.
563 825 641 853 xm.-

461 899 499 927 18
515 901 584 934 sept.
601 897 688 926 1319.

458 943 523 980 (xrv
542 943 602 970 kal.
619 943 690 979 oct.)

503 988 534 1015 T.
552 987 639 1015 Vm.

535 1113 573 1140 Ut
591 1121 615 1140 s,

509 1158 539 1185 T.
558 1157 639 1184 XXX.

536 1326 572 1354 Ut
593 1334 616 1354 ε.

535 1487 572 1514 Ut
591 1495 615 1513 s.

483 1533 514 1559 T.
535 1532 582 1565 xl,
596 1531 668 1558 XIII.

465 1753 501 1782 19
520 1757 589 1789 sept.
605 1752 691 1781 1319.

463 1800 531 1834 (x111
546 1798 605 1826 kal.
620 1797 690 1834 oct.)

480 1844 510 1871 Τ.
534 1845 579 1878 xl,
602 1844 674 1871 xm.

538 2022 574 2049 Ut
595 2030 619 2050 s·

543 2451 580 2478 Ut
593 2459 616 2478 s.

516 2497 546 2524 T.
568 2497 648 2524 XXX.

542 2720 577 2747 Ut
597 2728 620 2747 s,

466 2879 506 2906 20
522 2883 591 2914 sept.
609 2879 699 2907 1319.

473 2924 527 2958 (xu
545 2924 604 2951 kal.
622 2924 692 2960 oct.)

504 2969 534 2995 T.
557 2969 589 3004 x,
608 2969 667 2996 ΧΠ.

790 330 965 362 JOANNIS
990 330 1109 361 PAPAE
1130 330 1233 361 xxu.
1259 331 1508 369 (mm-1884).
1530 350 1568 355 —
1592 331 1778 364 L1TTERAE
1801 331 2027 364 COMMUNES

816 523 986 554 sessiones
1005 522 1212 553 audiendum
1233 523 1266 554 et
1289 522 1537 554 absolvendum
1561 523 1666 554 etiam
1686 532 1789 564 super
1807 523 1945 556 casibus
1967 525 2165 564 reservatis,
2187 524 2353 558 Porcheto
2373 533 2426 556 ar·

816 576 949 616 chiep.o
964 576 1109 607 Januen.
1129 575 1188 615 qui
1203 575 1312 607 dictos
1329 575 1452 608 fratres
1467 576 1536 616 ipsi
1551 578 1776 617 praesentatos
1798 577 1977 610 admittere
1999 578 2193 619 denegarat,
2208 578 2348 610 licentia
2364 577 2427 610 mi-

816 630 908 661 nime
925 629 1100 670 requisita.
1116 629 1172 670 (A.
1192 630 1241 668 ¹3,
1257 628 1278 660 f.
1296 630 1356 661 267
1365 638 1374 665 ;
1398 628 1430 660 V.
1446 630 1497 666 70,
1515 638 1568 670 ep.
1587 630 1664 668 4833
1683 630 1803 668 Eubel,
1825 630 1908 661 Ball.
1925 629 2181 669 Franciscanum,
2198 633 2224 664 t.
2241 632 2284 672 V,
2301 640 2335 672 p.
2352 633 2423 668 175,

818 692 850 714 n.
867 685 952 722 377.)

863 733 1000 766 10356.
1015 753 1053 759 —
1065 736 1229 768 Prioribus
1242 736 1412 777 provinciae
1428 741 1457 767 et
1467 746 1555 767 conv.
1569 736 1664 777 fratr.
1677 737 1746 770 ord.
1758 737 1856 778 praed.
1871 737 2003 769 Januen.
2017 746 2109 770 conc.
2124 738 2252 770 similis
2267 738 2424 770 facultas.

816 789 870 830 (A.
888 792 937 827 13,
952 789 975 822 f.
995 791 1075 827 267;
1098 789 1131 822 V.
1149 791 1201 827 70,
1218 798 1272 829 ep.
1290 789 1376 829 484.)

864 894 999 927 10357.
1025 916 1064 921 -
1095 897 1263 929 Gasbertus
1280 897 1408 929 archid.
1435 898 1630 936 carnoten,
1657 898 1759 939 Papae
1783 898 1947 936 thesaur„
1971 898 2008 930 fit
2026 907 2125 938 ep.us
2141 897 2332 930 Massilien.
2348 898 2428 938 post

817 951 1076 983 translationem
1100 951 1299 992 Raymundi
1315 951 1357 982 ad
1379 951 1578 991 archiepisc.
1596 951 1812 984 Ebreduuen.
1830 969 1868 974 —
1882 952 1911 984 I.
1929 961 1959 984 e.
1978 960 2024 983 m.
2043 960 2161 992 praep„
2177 951 2279 992 capit.
2299 959 2338 983 ac
2351 959 2428 983 vas·

818 1005 916 1036 saliis
931 1005 1012 1036 eccl.
1028 1005 1218 1036 Massilien.
1227 1014 1237 1042 3
1254 1005 1345 1036 clero
1358 1006 1391 1036 et
1403 1005 1530 1045 populo
1544 1005 1637 1037 civit.
1651 1007 1684 1037 et
1699 1005 1745 1036 di.
1759 1015 1768 1043 3
1786 1005 1936 1038 Roberto
1951 1005 2023 1046 regi
2036 1005 2174 1037 Siciliae.
2192 1005 2245 1045 (A.
2261 1006 2311 1044 13,
2329 1004 2352 1036 f.
2370 1005 2427 1043 893

823 1058 859 1090 V.
877 1059 928 1096 70,
945 1067 997 1098 ep.
1017 1057 1083 1098 12.)

861 1112 873 1124 ⁴
896 1109 1031 1141 10358.
1049 1129 1090 1134 -
1109 1111 1237 1142 Roberto
1251 1112 1316 1151 reqi
1333 1110 1464 1142 Siciliae.
1481 1112 1680 1152 Prorogatio
1697 1112 1883 1144 solutionis
1897 1113 2012 1145 36.000
2026 1121 2104 1144 unc.
2118 1112 2194 1143 auri
2209 1112 2251 1143 ad
2268 1111 2427 1152 generale

818 1166 952 1206 pondus
967 1165 1063 1205 regni
1080 1165 1206 1197 Siciliae
1222 1174 1282 1204 pro
1304 1164 1472 1196 fructibus
1498 1165 1653 1197 decursis
1672 1174 1732 1205 pro
1749 1174 1854 1197 censu
1869 1166 1970 1206 Papae
1991 1169 2024 1197 et
2039 1166 2082 1198 R.
2099 1166 2139 1197 E.
2157 1164 2352 1197 debitarum
2367 1173 2429 1206 per

819 1219 1008 1255 Robertum
1028 1227 1143 1259 regem
1159 1218 1297 1255 Siciliae,
1309 1227 1348 1250 ac
1363 1227 1423 1258 per
1438 1219 1599 1251 Carolum
1613 1219 1640 1256 Ι,
1652 1219 1727 1259 ejus
1742 1228 1856 1258 avum,
1872 1220 1905 1251 et
1921 1219 2082 1252 carolum
2098 1219 2143 1254 11,
2155 1219 2268 1258 ipsius
2281 1219 2426 1260 patrem,

819 1272 944 1304 rationi
958 1272 1054 1312 regni
1067 1272 1194 1303 Siciliae
1209 1273 1242 1303 et
1257 1273 1425 1303 terrarum
1441 1272 1527 1303 citra
1545 1272 1668 1304 farum.
1687 1272 1741 1313 (A.
1760 1274 1809 1310 13,
1828 1273 1923 1310 ΐ..92;
1945 1272 1981 1304 V.
1997 1274 2048 1310 70,
2065 1281 2119 1312 ep.
2132 1272 2198 1312 25.)

866 1323 1001 1356 10359.
1017 1344 1057 1349 —
1079 1325 1190 1356 Osilius
1206 1326 1301 1365 prior
1325 1326 1406 1357 eccl.
1432 1327 1600 1364 castren„
1620 1326 1659 1358 O.
1678 1326 1712 1358 S.
1730 1326 1783 1362 Β.,
1800 1326 1984 1366 praeficitur
2000 1327 2037 1358 in
2053 1325 2129 1357 abb.
2147 1326 2295 1358 monast.
2310 1325 2429 1357 Silvae-

820 1379 974 1419 majoris,
1000 1378 1226 1419 Burdegalen.
1251 1379 1312 1417 di„
1340 1379 1422 1410 dicti
1439 1379 1525 1417 ord.,
1553 1387 1625 1410 vac.
1645 1388 1706 1419 per
1724 1379 1916 1411 cessionem
1931 1379 2083 1420 Aycardi
2107 1378 2149 1410 de
2171 1378 2372 1423 Castanhar.
2389 1396 2428 1402 -

820 1434 846 1465 I.
865 1441 894 1464 e.
913 1442 957 1464 m.
975 1441 1071 1464 conv.
1089 1434 1122 1464 et
1138 1432 1302 1464 vassallis
1316 1432 1426 1472 ejusd.
1443 1433 1589 1464 monast.
1608 1432 1662 1473 (Α.
1682 1435 1732 1470 13,
1750 1432 1773 1464 f.
1790 1433 1848 1470 983
1872 1432 1906 1464 V.
1922 1434 1974 1471 70,
1994 1441 2046 1473 ep.
2062 1433 2128 1471 55.)
2337 1425 2341 1429 ⁴

868 1484 1001 1516 10360.
1032 1504 1071 1509 -
1094 1485 1256 1516 Ber-nardo
1281 1485 1317 1517 de
1343 1485 1501 1522 Teucer-iis„
1516 1495 1589 1518 can.
1614 1486 1843 1527 Magalonen.,
1865 1487 1904 1519 Ο.
1922 1486 1956 1518 S.
1974 1487 2029 1523 A..
2050 1486 2160 1526 gratia
2183 1494 2280 1526 exsp.
2300 1484 2428 1523 benef„

821 1541 976 1580 priorat.,
988 1540 1043 1571 vel
1060 1539 1115 1571 off.
1129 1549 1158 1571 c.
1177 1549 1206 1571 c.
1223 1539 1278 1571 vel
1291 1548 1319 1570 s.
1334 1548 1362 1571 c.
1381 1539 1455 1580 (100
1466 1539 1527 1571 lib.
1542 1541 1637 1579 tur.>‚
1655 1540 1698 1572 ad
1714 1540 1826 1572 collat.
1845 1540 1988 1572 Andreae
2003 1539 2072 1580 ep.i
2084 1540 2118 1571 et
2129 1538 2308 1572 Guillelmi
2322 1546 2429 1579 praep.

821 1594 1046 1634 Magalonen.‚
1067 1593 1347 1633 supplicantium.
1372 1611 1412 1616 —-
1427 1593 1455 1624 Ι.
1472 1602 1501 1625 e.
1525 1602 1570 1625 m.
1592 1593 1694 1625 Petro
1717 1593 1758 1625 de
1775 1593 1960 1626 Vidilhano
1976 1594 2010 1625 et
2026 1593 2127 1625 Petro
2149 1593 2191 1624 de
2210 1591 2432 1624 Monteferre·

821 1648 884 1683 rio,
909 1648 1132 1685 Nemausen.‚
1159 1656 1197 1678 ac
1216 1647 1404 1679 Guillelmo
1427 1647 1590 1687 Stephani
1615 1647 1655 1678 de
1681 1656 1709 1678 s.
1731 1647 1892 1683 Martiali,
1916 1647 2085 1679 Lodoven.
2109 1655 2183 1678 can.
2201 1645 2282 1678 eccl.
2301 1645 2354 1683 (A.
2378 1646 2430 1684 13,

822 1702 845 1733 f.
868 1703 929 1733 240
942 1701 971 1738 ι);
998 1701 1035 1733 V.
1055 1702 1105 1738 70,
1123 1709 1176 1741 ep.
1195 1700 1281 1740 243.)

868 1753 1005 1784 10361.
1026 1772 1065 1778 -
1085 1754 1260 1795 lnqeranno
1285 1753 1321 1785 de
1344 1754 1472 1792 Fiesses,
1498 1754 1562 1795 leg.
1587 1754 1788 1794 professori,
1810 1762 1906 1794 prov.
1934 1762 2052 1785 canon.
2078 1753 2159 1784 eccl.
2180 1751 2430 1790 Leodiemsub

822 1818 918 1848 exsp.
935 1809 1052 1849 praeb.‚
1073 1817 1111 1839 ac
1127 1808 1233 1847 dign„
1259 1817 1320 1840 seu
1343 1808 1398 1839 off.
1419 1817 1447 1840 c.
1465 1817 1493 1839 c.
1513 1808 1567 1840 vel
1591 1816 1618 1839 s.
1639 1816 1685 1844 c.;
1703 1808 1861 1848 quamvis
1883 1816 2002 1839 canon.
2019 1815 2096 1839 cum
2111 1806 2214 1847 praeb.
2234 1815 2263 1838 s.
2282 1806 2431 1838 Firmini

821 1864 1059 1900 Vinacurcen„
1086 1862 1289 1894 Ambianen.
1316 1862 1375 1896 di„
1405 1863 1438 1893 et
1463 1870 1490 1893 s.
1517 1862 1661 1893 Joannis
1683 1862 1719 1893 in
1744 1862 1868 1901 Burgo,
1895 1862 2095 1893 Laudunen.
2122 1860 2183 1898 di..
2208 1860 2370 1892 obtineat.
2394 1877 2432 1883 -

821 1917 847 1947 I.
867 1926 896 1947 e.
914 1926 959 1947 m.
984 1916 1251 1956 MontisregaliS,
1272 1916 1516 1947 Carcassonen.
1537 1915 1596 1951 di..
1617 1924 1644 1946 s.
1662 1915 1823 1955 Dionysii
1839 1924 1877 1946 ac
1891 1924 1919 1946 s.
1938 1914 2078 1946 Martini
2097 1913 2258 1946 Leodien.
2275 1913 2357 1945 eccl.
2374 1913 2431 1945 de·

822 1970 927 2001 canis.
943 1970 998 2011 (A.
1014 1972 1062 2005 13,
1085 1970 1108 2000 f.
1128 1971 1202 2007 101;
1227 1968 1260 1999 V.
1277 1970 1328 2006 70,
1350 1978 1403 2008 ep.
1423 1970 1510 2007 102.)

870 2021 1004 2052 10362.
1025 2040 1061 2045 —-
1079 2023 1245 2063 Arckiep.o
1261 2023 1424 2062 Baqusin„
1442 2027 1470 2053 et
1487 2022 1606 2053 archid.
1633 2021 1813 2059 Gathar-en„
1833 2032 1869 2052 ac
1890 2020 2044 2062 yar-diano
2061 2021 2157 2061 fratr.
2177 2020 2245 2053 ord.
2269 2020 2345 2053 min.
2370 2019 2432 2052 Ra-

821 2077 923 2117 yusin.
951 2077 1063 2108 mand.
1087 2078 1124 2108 ut
1146 2077 1250 2108 citent
1270 2085 1384 2107 coram
1410 2077 1504 2117 Papa
1527 2076 1700 2107 Andream
1724 2075 1932 2115 archiep.um
1955 2074 2168 2111 Antibaren.,
2193 2074 2254 2114 qui
2278 2073 2431 2114 palleum

822 2131 913 2170 quod
928 2130 970 2162 ab
988 2131 1026 2162 E.
1046 2131 1087 2162 R.
1111 2131 1284 2170 receperat
1301 2130 1455 2170 pignoris
1473 2129 1610 2161 nomine
1633 2129 1809 2169 obligavit,
1829 2129 1990 2169 aliudque
2008 2127 2169 2160 fabricari
2191 2127 2271 2159 fecit
2288 2135 2355 2168 quo
2378 2126 2431 2158 uti

822 2193 890 2215 non
905 2185 1041 2215 veretur
1050 2194 1059 2220 3
1080 2184 1282 2215 Michaelem
1299 2184 1440 2223 insuper
1458 2192 1572 2223 epum
1593 2183 1773 2220 Albanen„
1792 2183 2043 2223 suffraganeum
2066 2190 2181 2220 suum,
2200 2181 2280 2213 licet
2297 2180 2430 2212 antisti-

821 2239 894 2269 tum
913 2238 1081 2277 depositio
1097 2238 1143 2269 sit
1158 2238 1313 2269 Romano
1327 2237 1487 2268 Pontifici
1504 2238 1688 2274 reservata,
1706 2236 1864 2276 deposuit
1886 2239 1919 2267 et
1936 2236 2010 2267 loco
2029 2236 2141 2275 ipsius
2155 2234 2338 2275 quemdam
2351 2233 2430 2266 abb.

821 2291 961 2322 illarum
974 2291 1124 2331 partium
1137 2291 1347 2331 subrogavit,
1361 2291 1496 2330 aliaque
1511 2291 1665 2322 enormia
1680 2290 1862 2322 commisit.
1878 2289 1929 2329 (V.
1939 2290 1989 2327 70,
2001 2298 2053 2329 ep.
2065 2291 2142 2325 4773
2156 2287 2279 2324 Eubel,
2296 2296 2347 2328 op.
2363 2287 2430 2324 cit„

822 2347 847 2376 t.
866 2346 908 2382 V,
924 2354 955 2384 p.
976 2346 1045 2382 175,
1064 2354 1097 2375 n.
1121 2345 1180 2377 378
1186 2355 1196 2381 3
1216 2345 1374 2380 Theiner,
1400 2344 1506 2375 Vetera
1522 2344 1721 2375 Monumenta
1742 2343 1909 2374 Slavorum
1929 2341 2190 2379 Meridionalium,
2206 2343 2232 2373 t.
2253 2341 2282 2379 1,
2301 2349 2335 2381 p.
2359 2342 2430 2380 135,

823 2399 896 2430 doc.
917 2403 1043 2438 exem.)

867 2451 878 2462 ³
896 2449 1031 2481 10363.
1045 2469 1081 2474 -
1093 2452 1236 2483 Parmen.
1250 2462 1285 2482 ac
1297 2451 1469 2482 Bononien.
1482 2452 1573 2492 epis,
1586 2457 1615 2482 et
1623 2462 1705 2492 maq.
1717 2451 1880 2492 Aymerico
1892 2450 1930 2482 de
1941 2448 2129 2482 Castrolucii
2140 2448 2307 2480 archidiac.
2321 2447 2432 2479 Tram-

823 2506 984 2546 viyermen.
1000 2506 1032 2536 in
1050 2505 1122 2537 eccl.
1141 2505 1306 2543 Turonen.‚
1320 2515 1385 2546 cap.
1399 2505 1478 2542 PP„
1492 2506 1606 2536 mand.
1626 2508 1663 2536 ut
1679 2505 1891 2542 confirment,
1910 2503 2038 2544 praevia
2053 2502 2293 2543 inquisitione,
2310 2501 2365 2534 vel
2380 2501 2431 2533 in-

823 2560 959 2591 firment
970 2559 1170 2590 electionem
1184 2559 1353 2591 Guidonis
1367 2559 1407 2590 de
1421 2559 1546 2595 Meliis,
1561 2568 1651 2590 mon.
1666 2559 1811 2590 monast.
1822 2566 1850 2589 s.
1863 2557 2038 2597 Apollonii
2049 2557 2090 2587 de
2103 2556 2267 2589 Canossa.
2277 2556 2316 2588 Ο.
2329 2555 2365 2588 S.
2377 2555 2432 2594 B.,

823 2613 944 2653 Regin.
965 2613 1024 2650 di„
1045 2613 1087 2644 R.
1107 2613 1146 2643 E.
1165 2613 1362 2644 immediate
1381 2612 1537 2652 subJecti‚
1562 2613 1598 2643 in
1615 2612 1692 2643 abb.
1712 2611 1794 2643 dicti
1810 2612 1956 2643 monast.
1974 2619 2035 2650 per
2054 2609 2136 2641 obit.
2161 2609 2302 2641 Henrici
2315 2610 2349 2641 et
2362 2608 2431 2641 Gil-

823 2666 912 2698 berti
929 2666 1148 2706 postmodum
1165 2666 1276 2701 electi,
1292 2666 1352 2697 sed
1367 2675 1435 2697 non
1450 2665 1653 2702 confirmati,
1671 2664 1835 2696 vacantis.
1853 2664 1908 2705 (A.
1929 2665 1979 2701 13,
1991 2663 2014 2694 f.
2032 2665 2091 2695 267
2102 2662 2132 2700 ι);
2156 2662 2190 2694 V.
2210 2664 2261 2700 70,
2276 2671 2329 2702 ep.
2345 2661 2433 2701 496.)

870 2716 1006 2748 10364.
1028 2737 1067 2742 -
1084 2719 1321 2754 Bartholomaeo,
1345 2719 1518 2760 subpriori
1540 2720 1578 2750 F.
1602 2719 1640 2751 Ο.
1665 2719 1704 2750 Ρ.
1729 2718 1930 2753 Bononien.‚
1956 2717 2156 2756 providetur
2177 2717 2218 2747 de
2235 2716 2434 2756 episcopatu

825 2773 1010 2806 Cunavien.
1037 2781 1111 2804 vac.
1141 2781 1202 2812 per
1229 2773 1491 2804 translationem
1516 2773 1693 2805 Guillelmi
1723 2772 1765 2803 ad
1787 2771 2023 2812 episcopatum
2050 2780 2079 2802 s,
2104 2771 2261 2802 Justinae.
2294 2769 2348 2808 (V.
2379 2770 2430 2808 70,

826 2836 878 2867 ep.
893 2829 950 2859 641
967 2828 1024 2864 Α.)

871 2878 1007 2909 10365.
1028 2897 1067 2904 —-
1084 2879 1254 2911 Guasberto
1272 2879 1409 2917 Barata»,
1433 2888 1506 2919 cap.
1523 2881 1555 2910 et
1573 2879 1680 2910 famil.
1699 2879 1879 2911 Bertrandi
1897 2888 1925 2911 s,
1942 2877 2097 2910 Marcelli
2112 2877 2226 2917 presb.
2244 2876 2336 2907 card.
2352 2884 2432 2916 sup-

824 2934 917 2974 plic„
935 2934 1047 2966 collat.
1064 2933 1201 2974 paroch.
1215 2933 1295 2964 eccl.
1310 2933 1350 2964 de
1365 2933 1538 2970 Cannetis‚
1558 2933 1804 2964 Carcassonen.
1821 2932 1881 2968 di„
1899 2941 1971 2963 vac.
1988 2941 2049 2972 per
2063 2931 2144 2962 obit.
2157 2939 2211 2970 ap.
2226 2930 2260 2962 S.
2276 2931 2317 2961 A.
2330 2930 2430 2961 Joan-

825 2988 880 3019 nis
900 2988 1044 3028 Alegrae.
1065 3005 1103 3010 —
1119 2987 1146 3018 1.
1163 2995 1192 3018 e.
1218 2995 1263 3018 m.
1287 2986 1475 3019 Guillelmo
1492 2986 1625 3018 Revelli
1649 2987 1775 3018 decano
1798 2986 1839 3018 de
1863 2986 2034 3022 Burlacio,
2056 2985 2210 3016 Castren.
2232 2983 2293 3021 di„
2311 2985 2344 3015 et
2361 2984 2432 3016 Ste-
