2566 3562
542 578 1204 686 JOANNIS
1295 567 1722 713 PAPAE
1813 577 2154 681 XXII

1156 775 1542 848 (1316-1334)

818 993 1278 1067 LITTERAE
1343 993 1472 1065 DE
1529 978 1885 1066 CURIA¹

1126 1155 1199 1162 .—

1195 1294 1232 1343 Α
1249 1293 1290 1342 Ν
1309 1293 1350 1342 Ν
1370 1293 1380 1341 Ι
1433 1292 1442 1340 Ι
1458 1292 1498 1341 V

1009 1393 1047 1440 (5
1069 1395 1165 1441 sept.
1190 1391 1302 1430 1319
1322 1412 1373 1419 —
1393 1392 1420 1429 4
1440 1394 1533 1440 sept.
1558 1390 1686 1440 1320)

360 1520 465 1547 Datum
485 1513 670 1548 Avenione.

364 1622 402 1651 13
415 1622 478 1659 (id.)
493 1626 564 1658 sept.
583 1623 672 1651 1319.
803 1616 939 1649 12006.
955 1636 995 1641 -
1011 1618 1098 1659 Epa
1116 1623 1143 1648 ec
1168 1618 1264 1658 capit.
1281 1616 1523 1658 Foropopulien.
1549 1615 1662 1648 mand.
1683 1616 1774 1656 quod
1795 1624 1932 1648 omnem
1947 1615 2128 1656 pecuniam
2146 1615 2287 1648 decimae
2297 1624 2361 1658 pro

757 1672 914 1704 subsidio
935 1673 1035 1704 terrae
1056 1673 1179 1703 sanctae
1197 1671 1232 1702 in
1254 1670 1349 1703 civit.
1365 1671 1398 1702 et
1416 1670 1463 1701 di.
1484 1669 1749 1710 Foropopulien.
1767 1669 1947 1702 collectam
1963 1669 2101 1702 mittant
2126 1669 2171 1702 ad
2190 1677 2361 1702 cameram

757 1727 880 1766 apost.,
897 1726 938 1757 de
955 1725 1017 1757 illa
1043 1725 1182 1765 plenum
1207 1725 1404 1764 computum
1421 1725 1454 1755 et
1469 1724 1637 1756 rationem
1652 1723 1822 1764 integram
1844 1722 2023 1755 reddituri.
2041 1739 2082 1746 —
2094 1723 2122 1755 Ι.
2142 1731 2172 1755 e.
2194 1731 2242 1755 m.
2260 1722 2363 1756 Muti-

756 1788 848 1818 nen.,
875 1780 1047 1816 Parmen..
1065 1778 1221 1816 Imolen.,
1242 1778 1410 1815 Cervien„
1431 1776 1639 1815 Comaclen.‚
1657 1777 1858 1815 Bononien.,
1878 1776 2010 1815 Pelen„
2028 1776 2227 1818 Trigestin.‚
2245 1776 2363 1809 sma-

756 1841 848 1869 nen.,
863 1832 1046 1869 Veronen.,
1063 1831 1248 1868 Vicentin.,
1262 1830 1558 1871 Justinopolitan„
1580 1830 1746 1868 paduan..
1769 1830 1932 1870 Iporien.,
1947 1829 2218 1868 Civitatisnovae,
2235 1830 2362 1862 Paren-

755 1887 832 1924 tin.,
858 1886 1095 1922 concordien„
1114 1885 1320 1922 comaclen,
1350 1884 1529 1921 Belunen„
1548 1884 1737 1922 Mantuam,
1753 1883 1950 1921 Novarien.,
1974 1882 2178 1922 vercellen..
2193 1881 2361 1920 Laudem,

755 1939 975 1976 Forolivien.,
990 1939 1189 1976 Taurinen.,
1208 1937 1361 1974 Adrien.‚
1379 1937 1566 1975 Maranen.,
1585 1936 2208 1977 Ferrarien.‚Saonen.,Albinganen.,
2225 1936 2360 1973 Asten„

755 1993 927 2030 Ceneten„
955 1991 1159 2026 placentin„
1179 1991 1383 2027 Cremonen„
1411 1989 1690 2030 vigintimilien„
1717 1990 1864 2030 Aquen.,
1880 1989 2017 2028 Athen„
2040 1989 2204 2028 Feltren.,
2221 1989 2359 2031 Regin„

755 2045 923 2083 Brixien„
937 2045 1121 2081 Tervisin„
1137 2044 1351 2083 Pergamen„
1367 2043 1581 2080 Cremonen„
1594 2042 1787 2081 Faventin„
1803 2043 2003 2075 cesenaten.
2020 2043 2054 2075 et
2067 2042 2258 2075 Tridentin.
2272 2051 2326 2084 ep.
2329 2042 2361 2075 is

756 2099 788 2130 et
804 2098 924 2137 capit&
944 2098 1090 2138 singulis
1103 2097 1217 2128 mand.
1234 2097 1280 2128 id.
1298 2105 1358 2136 pro
1375 2096 1449 2127 suis
1467 2095 1560 2127 civit.
1577 2097 1611 2127 et
1627 2096 1673 2127 di.
1691 2095 1746 2135 (V.
1762 2097 1812 2134 70,
1832 2104 1885 2136 ep.
1903 2098 1917 2127 1
1934 2095 1971 2127 de
1985 2096 2067 2136 cur.)

475 2155 511 2183 Ut
531 2163 554 2182 s.
802 2148 938 2180 12007.
955 2169 993 2173 -
1017 2151 1249 2182 Reservantur
1273 2149 1493 2189 dispositioni
1518 2149 1552 2180 S.
1571 2150 1613 2181 A.
1631 2149 1844 2189 archiepisc,
1866 2149 1971 2189 episc.
1995 2150 2029 2181 et
2047 2149 2166 2190 colleg.
2195 2125 2358 2186 ecclesia.

755 2212 886 2236 necnon
911 2203 1067 2242 abbatiae,
1084 2204 1244 2240 monast„
1269 2202 1442 2243 prioratus
1461 2203 1494 2234 et
1518 2202 1632 2234 omnia
1651 2202 1719 2234 alia
1733 2202 1808 2234 loca
1829 2202 2086 2234 ecclesiastica
2077 2211 2113 2234 ιιι
2137 2202 2242 2235 terris
2258 2202 2301 2235 ad
2316 2203 2358 2236 Ε.

755 2258 797 2289 R.
812 2259 917 2297 spect.
935 2257 1124 2294 constituti,
1142 2257 1184 2287 ad
1203 2264 1288 2296 quos
1313 2256 1391 2296 quis
1406 2255 1582 2287 consuevit
1606 2264 1667 2296 per
1694 2255 1894 2287 electionem
1914 2255 2058 2294 assumi,
2079 2264 2152 2288 vac.
2176 2257 2235 2288 aut
2248 2257 2358 2289 vacat.

755 2311 809 2350 (V.
827 2312 877 2348 70,
893 2319 945 2350 ep.
963 2311 1023 2342 192
1039 2309 1075 2340 de
1091 2310 1170 2349 cur.)

395 2366 437 2394 24
452 2369 521 2403 sepe.
538 2367 627 2396 1319.
801 2361 938 2394 12008.
955 2382 994 2387 -
1008 2363 1102 2394 Petro
1117 2363 1272 2403 archiep.o
1286 2362 1459 2403 Maquntin.
1478 2362 1592 2394 mand.
1607 2362 1697 2402 quod
1707 2363 1835 2394 certam
1843 2362 2059 2394 marcharum
2070 2371 2242 2395 summam
2254 2370 2358 2404 quam

396 2411 465 2447 (Vm
482 2411 542 2439 kal.
559 2412 628 2446 oct-)
754 2417 787 2449 b.
811 2426 877 2449 me.
893 2417 1064 2449 Henricus
1084 2417 1314 2456 praedecessor
1337 2424 1422 2447 suus
1441 2416 1482 2447 de
1501 2415 1656 2456 deposito
1682 2415 1769 2448 facto
1789 2424 1850 2456 per
1874 2416 1909 2449 S.
1927 2416 1969 2447 A.
1988 2416 2128 2448 nuntios
2151 2416 2193 2448 de
2212 2415 2359 2457 pecunia

754 2471 892 2502 decimae
909 2471 945 2502 in
961 2471 1054 2502 civit.
1074 2472 1107 2502 et
1131 2470 1177 2501 di.
1194 2469 1382 2510 Maguntin.
1402 2469 1550 2501 collectae
1565 2477 1626 2509 pro
1644 2469 1800 2501 subsidio
1817 2471 1916 2502 terrae
1929 2470 2053 2501 sanotae
2066 2471 2251 2510 receperat,
2268 2469 2356 2502 assi·

753 2525 832 2564 gnet
849 2524 980 2556 nuntiis
994 2524 1035 2555 A.
1055 2523 1089 2556 S.
1099 2533 1110 2561 ;
1131 2523 1285 2563 alioquin
1307 2523 1454 2554 nitentur
1470 2522 1513 2554 ad
1527 2522 1803 2562 comparendum.
1821 2522 1875 2563 (V.
1895 2524 1947 2560 70,
1964 2531 2017 2563 ep.
2035 2525 2055 2555 9
2072 2522 2108 2554 de
2126 2523 2206 2562 cur.)

471 2578 507 2607 Ut
526 2587 550 2606 s.
799 2574 935 2607 12009.
950 2596 989 2601 --
1004 2577 1089 2618 May.
1115 2576 1279 2607 Bernardo
1303 2575 1340 2607 de
1354 2575 1602 2614 Montevalrano‚
1626 2575 1748 2606 archid.
1775 2575 1941 2607 Sicaloniae
1965 2576 1997 2607 in
2015 2575 2087 2607 eccl.
2113 2576 2300 2615 Bicum'oen„
2326 2579 2356 2608 et

751 2631 847 2662 Petro
861 2629 1017 2668 Dumndi,
1031 2640 1099 2661 can.
1118 2630 1151 2660 E
1153 2629 1333 2667 bredunen„
1349 2629 1416 2662 PP.
1430 2639 1514 2670 cap„
1533 2629 1573 2660 A.
1590 2628 1627 2661 S.
1646 2629 1776 2667 nuntiis,
1793 2630 1908 2662 mand.
1925 2630 1964 2661 ut
1977 2629 2175 2670 praedictam
2185 2636 2356 2662 summam

753 2684 891 2724 exigant
907 2694 927 2716 a
946 2684 1048 2716 Petro
1066 2683 1236 2724 archiep.o
1253 2683 1457 2724 Maguntin.‚
1482 2684 1526 2720 et,
1545 2683 1575 2714 si
1591 2691 1659 2714 non
1683 2683 1845 2723 assignet,
1866 2683 1970 2715 citent
1993 2691 2082 2715 eum.
2109 2682 2162 2722 (V.
2180 2684 2231 2720 70,
2245 2691 2299 2724 ep.
2316 2683 2356 2716 10

395 2791 434 2819 27
451 2795 520 2828 sept.
535 2792 623 2820 1319.
752 2737 789 2768 de
798 2738 933 2820 {³3}st
951 2808 991 2813 —
1009 2790 1113 2822 Guitto
1137 2799 1236 2830 ep.us—
1248 2788 1429 2821 Urbevetan.
1457 2788 1661 2829 subrogatur
1685 2789 1722 2820 in
1744 2789 1910 2830 regImine
1931 2789 2131 2830 patrimonii
2147 2790 2187 2821 B.
2207 2789 2302 2821 Petri
2316 2789 2353 2821 in

415 2839 444 2871 (V
460 2836 519 2864 ¹¹³¹·
536 2836 606 2870 oct.)
752 2844 877 2875 Tuscia
893 2844 1018 2884 quond.
1043 2852 1131 2884 mag.
1150 2843 1337 2875 Guillelmo
1353 2844 1467 2879 Costa,
1484 2842 1567 2874 olim
1590 2842 1716 2874 decano
1731 2842 1811 2874 eccl.
1829 2842 1978 2880 Tullen.,
1991 2842 2191 2883 patrimonii
2204 2843 2243 2875 Β.
2258 2841 2353 2875 Petri

752 2897 788 2928 in
803 2898 928 2929 Tuscia
944 2897 1080 2929 rectori.
1097 2897 1149 2936 (Α.
1165 2898 1236 2932 231,
1253 2896 1277 2928 f.
1295 2897 1354 2928 130
1366 2896 1396 2934 Β,
1417 2895 1454 2927 V.
1476 2897 1526 2934 70,
1545 2904 1598 2936 ep.
1616 2897 1636 2926 2
1652 2895 1688 2927 de
1702 2897 1781 2935 cur.)

783 3004 807 3029 ἱ.
826 3003 946 3028 Litteris
958 3003 993 3028 de
1007 3003 1088 3028 curia
1104 3003 1135 3028 in
1153 3004 1283 3035 regestro
1296 3002 1486 3029 Avinionensi
1501 3002 1702 3029 deficientibus
1719 3002 1863 3029 ominitur
1878 3002 2052 3035 paginarum
2061 3002 2149 3028 istius
2162 3002 2286 3035 regesti-i
2299 3009 2351 3028 nu-

751 3047 882 3073 meratio.
