2566 3562
370 344 428 375 12⁴

401 433 504 460 Datum
521 425 705 460 Avenione.

407 531 421 557 4
443 529 525 562 (kal.)
534 529 592 563 Juc.
612 527 700 555 4320.

463 574 494 601 T.
516 574 561 606 XI,
576 573 647 600 XIII.

514 688 549 715 Ut
565 695 588 714 s.

458 732 488 759 T.
506 732 551 765 XI,
567 731 638 758 XIII.

515 900 550 928 Ut
565 908 588 926 s.

515 1060 551 1087 Ut
566 1068 589 1087 e.

500 1105 531 1131 T.
547 1104 605 1131 XII.

512 1166 548 1194 Ut
568 1174 591 1193 s.

475 1211 505 1238 T.
528 1210 622 1238 XVIIt.

511 1487 578 1514 Uts

487 1532 518 1559 T.
535 1508 615 1558 XXX.

511 1701 547 1728 Ut
565 1709 588 1728 s.

489 1746 520 1772 T.
542 1746 611 1772 xlv.

512 1913 546 1940 Ut
566 1921 589 1940 s.

489 1958 519 1985 Τ.
541 1958 611 1985 XVI.

511 2127 546 2155 Ut
565 2136 588 2154 s.

475 2172 505 2200 T.
525 2172 621 2200 XXIV.

505 2610 541 2637 L't
567 2618 591 2637 s.

493 2654 523 2680 T.
546 2654 601 2681 XX.

504 2820 540 2847 Ut
565 2829 589 2848 s.
638 2835 641 2838 ⁴

486 2864 516 2890 T.
538 2865 607 2891 xvi.

766 335 939 368 JOANNIS
962 334 1080 366 PAPAE
1102 334 1204 367 XXII.
1229 336 1466 375 (1316-1334)
1488 353 1528 359 —
1548 333 1735 366 LITTERAE
1756 333 1981 367 COMMUNES

837 525 973 557 11728.
995 545 1033 550 -—
1052 525 1128 558 Eid.
1145 527 1258 558 collat.
1274 535 1392 558 canon.
1414 528 1447 558 et
1463 525 1565 567 praeb.
1584 526 1666 558 eccl.
1684 535 1713 558 s.
1729 526 1854 559 Auiani
1871 527 2103 566 Aurelianum,
2119 530 2158 560 ut
2172 537 2201 561 s.
2219 537 2292 561 vac.
2308 546 2348 553 —
2360 529 2388 562 Ι.

791 590 818 612 e.
847 589 892 612 m.
917 589 1018 620 praep.
1043 580 1201 618 Januen„
1228 581 1261 612 et
1285 580 1412 612 decano
1438 589 1475 611 ac
1493 579 1684 612 Percivallo
1709 579 1750 612 de
1767 579 1962 621 Pocapalia,
1977 589 2050 613 can.
2069 581 2390 615 Aurelianen.ecc1.

789 634 843 674 (A.
862 635 911 668 13,
929 633 951 664 f.
973 635 1051 670 5133
1074 633 1109 665 V.
1130 634 1180 670 70,
1198 641 1251 673 ep.
1267 633 1374 673 1186)

835 684 972 716 11729.
995 704 1034 709 -
1050 685 1158 717 Bisoni
1179 685 1216 718 de
1232 685 1453 726 Montefusculo
1469 686 1581 718 collat.
1599 694 1717 718 canon.
1741 685 1806 718 sub
1830 695 1927 728 exsp.
1943 686 2048 728 praeb.
2071 687 2154 720 eccl.
2172 688 2309 727 Bai-en„
2325 697 2391 722 non

791 740 878 771 obst.
896 740 930 770 in
946 740 1112 771 Venusin.
1131 741 1164 771 et
1181 749 1208 771 s.
1226 739 1357 771 Nicolai
1373 740 1493 771 Baren.
1509 739 1590 771 eccl.
1608 748 1726 771 canon.
1741 740 1775 771 et
1791 739 1894 780 praeb.
1910 757 1949 763 —
1963 740 1990 772 Ι.
2008 749 2038 773 e.
2056 749 2102 772 m.
2119 740 2292 782 archiep.o
2308 742 2392 775 Are·

791 793 905 828 latam,
930 794 962 824 et
990 801 1066 832 ep.0
1096 793 1271 833 Vigilien.,
1295 802 1333 824 ac
1356 792 1507 825 Gerardo
1530 793 1571 824 de
1598 792 1694 831 Lalo,
1717 801 1790 824 can.
1820 792 2072 826 Claromonten.
2088 794 2144 834 (A.
2169 795 2220 832 13,
2242 794 2266 826 ἰ.
2282 795 2344 828 520
2358 795 2391 835 ¹’;

797 846 832 877 V.
851 847 900 882 70,
917 854 968 885 ep.
989 846 1092 884 1238.)

837 897 974 929 11730.
1001 916 1040 936 -ss-
1059 898 1134 929 Eid.
1152 899 1265 931 collat.
1285 908 1403 931 canon.
1425 899 1489 930 sub
1506 907 1602 940 exsp.
1624 898 1726 940 praeb.
1746 899 1827 930 eccl.
1846 899 1996 931 Paduan.
2015 917 2054 923 —
2067 900 2095 933 Ι.
2111 909 2141 932 e.
2159 909 2204 933 m.
2221 900 2392 943 archiep.o

793 953 962 984 Arelatem.
983 954 1016 984 et
1034 951 1110 983 abb.
1134 953 1278 984 monast.
1303 953 1344 984 de
1362 953 1530 990 Carraria,
1553 952 1705 984 Paduam.
1725 953 1784 990 di„
1799 961 1839 985 ac
1850 952 1997 985 Geraldo
2014 953 2055 986 de
2071 953 2167 990 [0810.
2184 962 2258 986 can.
2275 954 2392 987 Claro-

792 1009 994 1043 romonten.,
1013 1014 1085 1046 cap.
1104 1006 1214 1045 Papae.
1232 1005 1287 1047 (A.
1306 1007 1356 1043 13,
1373 1005 1396 1037 f.
1413 1007 1488 1043 5213
1507 1005 1540 1036 V.
1557 1007 1609 1044 70,
1625 1014 1677 1046 ep.
1697 1007 1799 1045 1239.)

838 1059 855 1089 1
865 1057 975 1089 1731.
997 1077 1034 1083 -
1048 1059 1132 1100 May.
1155 1063 1184 1090 et
1199 1059 1315 1100 fratres
1332 1059 1492 1100 hospitalis
1503 1069 1528 1091 ε.
1545 1059 1666 1090 Tkomae
1681 1059 1827 1101 martyris
1842 1058 2042 1091 Cantuarien.
2057 1059 2122 1092 sub
2137 1060 2231 1093 Petri
2243 1062 2278 1093 et
2291 1061 2392 1102 Papoe

792 1113 999 1152 protectione
1015 1113 1260 1153 suscipiuntur.
1279 1114 1329 1149 (Α.
1347 1115 1397 1150 13,
1412 1113 1434 1144 f.
1448 1114 1507 1145 627
1526 1113 1554 1150 ὓς
1574 1113 1610 1144 V.
1629 1114 1680 1151 70,
1696 1121 1749 1153 ep.
1765 1113 1870 1152 1347.)

837 1163 974 1196 11732.
993 1182 1032 1188 —-
1048 1165 1134 1208 Epo
1155 1165 1387 1206 lv'amayusean„
1414 1171 1443 1197 et
1468 1165 1588 1197 archid.
1615 1176 1651 1196 ac
1671 1166 1804 1198 thesaur.
1836 1165 1910 1198 eccl.
1938 1165 2096 1199 Nicosien.
2132 1167 2392 1200 committuntur

791 1228 901 1250 causae
923 1228 1008 1259 quas
1026 1219 1114 1251 inter
1129 1220 1293 1251 joannem
1310 1228 1424 1259 ep.um
1440 1219 1644 1257 Nimocien.,
1666 1228 1709 1251 ex
1724 1228 1802 1257 una,
1820 1221 1853 1251 et
1873 1228 1962 1260 mag.
1980 1229 2020 1252 ac
2041 1220 2164 1252 fratres
2180 1220 2313 1253 militiae
2329 1229 2391 1254 seu

789 1272 970 1313 hospitalis
987 1282 1015 1304 s.
1035 1272 1171 1304 Thomae
1190 1273 1354 1313 martyris
1370 1273 1586 1304 Cantuarien.
1605 1273 1647 1304 ad
1663 1273 1704 1305 R.
1719 1273 1757 1304 E.
1775 1273 1871 1305 nullo
1885 1273 1997 1305 medio
2010 1273 2147 1314 pertin„
2163 1274 2236 1306 ord.
2255 1283 2284 1306 s.
2301 1274 2390 1307 'rho-

789 1334 864 1362 mae‚
879 1326 1069 1358 Nimocien.
1090 1326 1149 1364 di.,
1165 1326 1321 1366 partibus
1335 1335 1376 1358 ex
1395 1326 1513 1364 altera,
1530 1326 1617 1358 verti
1633 1325 1813 1366 contigerit
1828 1327 2005 1358 occasione
2021 1326 2277 1368 exemptionum
2288 1327 2392 1360 dieto·

790 1389 865 1410 rum
882 1380 1025 1411 fratrum
1041 1379 1082 1411 ab
1098 1380 1190 1411 omni
1198 1379 1437 1419 Jurisdictione
1449 1379 1621 1411 ordinaria
1631 1381 1664 1410 et
1675 1379 1894 1419 praestatione
1908 1379 2128 1412 decimarum.
2144 1381 2196 1420 (Α.
2209 1381 2259 1419 13,
2272 1380 2295 1413 f.
2311 1381 2390 1420 5383

796 1432 829 1463 V.
846 1434 896 1469 70,
915 1441 966 1472 ep.
984 1434 1086 1471 1352.)

836 1484 972 1516 11733.
992 1505 1030 1509 -
1056 1486 1232 1518 Innovati⁰
1252 1486 1423 1526 privilegii
1442 1494 1501 1525 per
1515 1485 1750 1518 Alexandrum
1770 1485 1836 1517 ΡΡ.
1852 1485 1901 1517 IV
1916 1486 2070 1518 concessi
2083 1496 2164 1528 nzaq.
2181 1491 2209 1517 ee
2219 1485 2317 1527 fratr.
2333 1487 2392 1519 mi·

790 1540 863 1570 litiae
879 1539 1042 1580 hospitalis
1054 1550 1077 1571 s.
1099 1540 1217 1570 Thomae
1229 1540 1376 1580 martyris
1393 1537 1591 1571 Carnum-ten.
1611 1540 1764 1571 Acconen.
1789 1539 1958 1571 retinendi
1979 1539 2111 1572 scilicet
2125 1540 2208 1572 eccl.
2230 1539 2264 1572 S.
2285 1540 2332 1573 M.
2349 1540 2392 1575 de

790 1593 997 1625 Colechuche
1012 1593 1218 1624 Londonien.
1236 1593 1376 1633 praefato
1389 1592 1550 1632 hospitali
1564 1593 1756 1633 contiguam
1772 1593 1805 1634 (5
1819 1592 1944 1624 march.
1961 1593 2116 1633 argenti),
2133 1593 2171 1625 in
2183 1602 2252 1634 qua
2261 1594 2322 1635 jus
2333 1601 2392 1635 pa·

789 1649 945 1678 tronatus
955 1646 1090 1678 habent.
1111 1647 1163 1688 (A.
1183 1649 1232 1685 13,
1252 1646 1275 1677 f.
1290 1648 1365 1683 6⁴9;
1392 1646 1425 1678 V.
1445 1648 1495 1682 70,
1511 1654 1563 1686 ep.
1586 1647 1687 1685 1418.)

836 1699 854 1729 1
864 1697 973 1730 1731.
993 1718 1031 1722 -
1047 1700 1139 1732 Eisd.
1155 1701 1197 1731 ad
1215 1700 1324 1731 instar
1339 1700 1525 1732 Alexandri
1538 1700 1605 1731 ΡΡ.
1620 1700 1666 1732 1V
1680 1699 1844 1740 indulget.
1858 1700 1897 1731 ut
1911 1699 2012 1732 liceat
2026 1699 2114 1740 ipsis
2126 1699 2169 1732 ad
2179 1700 2391 1740 sepulturam

790 1754 968 1785 admittere
987 1754 1065 1784 illos
1082 1753 1140 1794 qui
1160 1754 1249 1793 apud
1264 1754 1359 1793 ipsos
1387 1753 1422 1785 in
1444 1762 1562 1785 eorum
1579 1753 1700 1785 ultima
1715 1753 1887 1786 voluntate
1904 1753 2068 1794 elegerint
2087 1753 2238 1794 sepeliri,
2255 1762 2388 1787 excom·

790 1807 984 1844 municatis‚
1002 1807 1054 1838 vel
1072 1807 1262 1838 interdictis
1284 1809 1317 1838 et
1342 1807 1512 1838 usurariis
1529 1807 1692 1847 exceptis,
1712 1806 1935 1838 salvatamen
1949 1806 2030 1839 0001.
2047 1806 2121 1839 illis
2134 1807 2390 1848 canonica'por-

789 1860 881 1892 t10ne
898 1870 916 1891 a
939 1860 1064 1900 quibus
1082 1862 1264 1892 sumuntur
1278 1869 1420 1900 corpora
1435 1862 1659 1892 mortuorum.
1681 1860 1732 1898 (A.
1752 1862 1801 1897 13,
1819 1859 1841 1892 f.
1858 1859 1957 1897 649b3
1979 1859 2015 1892 V.
2033 1861 2084 1898 70,
2097 1869 2149 1901 ep.
2164 1861 2268 1900 1119.)

837 1911 972 1943 11735.
990 1930 1029 1936 -
1043 1914 1130 1954 Epa
1153 1914 1383 1945 Barchinonen.
1401 1914 1562 1945 maudut
1578 1914 1752 1953 dispenset
1767 1922 1870 1954 super
1883 1917 1930 1944 1v⁰
1947 1913 2040 1945 affin.
2067 1913 2174 1954 gradu
2189 1913 2226 1946 in
2239 1913 2390 1947 matrim.

787 1968 855 2006 jam
875 1969 1044 1998 contracto
1062 1968 1150 1998 inter
1167 1967 1391 1999 Bertrandum
1407 1967 1447 1999 de
1465 1967 1690 1999 Torrentibus
1705 1969 1738 1999 et
1755 1967 1899 1999 Mariam
1921 1966 2028 1998 filiam
2044 1967 2169 2008 quond.
2187 1966 2332 1999 Arnaldi
2346 1967 2388 2000 de

790 2022 974 2058 Faxaneto,
989 2021 1234 2053 Barchinonen.
1247 2021 1307 2059 di.‚
1321 2021 1374 2052 cui
1393 2021 1517 2061 quond.
1529 2021 1726 2058 Guillelma,
1739 2021 1833 2061 prior
1846 2029 1931 2052 uxor
1943 2020 2051 2060 ejusd.
2063 2020 2254 2060 Bertrandi,
2267 2025 2314 2052 xv·
2325 2021 2390 2054 fuit

790 2075 1011 2114 consanguin.
1027 2076 1133 2115 gradu
1148 2075 1338 2115 conjuncta.
1357 2075 1411 2114 (A.
1431 2076 1480 2111 13,
1500 2075 1522 2106 f.
1538 2075 1614 2111 6563
1639 2073 1670 2104 V.
1687 2076 1739 2112 70,
1759 2083 1812 2114 ep.
1833 2073 1937 2115 1435.)

837 2125 973 2157 11736.
993 2145 1032 2151 -
1048 2128 1213 2168 Archiep.o
1233 2128 1448 2162 Cantuarien„
1465 2133 1492 2158 et
1512 2138 1578 2168 epm
1600 2127 1773 2158 lVorwicen.
1790 2137 1825 2158 ac
1844 2127 1947 2168 priori
1961 2125 1997 2158 de
2014 2126 2248 2168 Sempynqhan,
2268 2127 2388 2159 Lincol-

791 2181 872 2211 nien.
890 2181 947 2216 di..
971 2182 1083 2212 mand.
1103 2184 1138 2212 ut
1160 2181 1342 2221 procedant
1359 2181 1392 2212 in
1415 2181 1650 2212 executionem
1667 2181 1781 2213 collat.
1799 2180 1979 2212 archidiae.
1999 2180 2232 2213 Beddefordiae
2253 2181 2288 2213 in
2305 2181 2388 2214 eccl.

791 2235 1014 2272 Lincolnien.,
1033 2244 1092 2274 per
1107 2235 1345 2266 dimissionem
1362 2235 1501 2275 Rogerii
1518 2235 1558 2266 de
1571 2234 1745 2267 Rochwelt
1754 2235 1854 2275 juxta
1869 2234 2005 2266 constit.
2020 2242 2124 2274 super
2139 2234 2263 2275 plural.
2275 2233 2388 2267 benef.

790 2297 875 2324 vac„
894 2289 1021 2319 dudum
1036 2289 1130 2319 sactae
1146 2289 1274 2320 consid.
1294 2288 1444 2319 Eduardi
1466 2288 1556 2328 regis
1573 2288 1703 2328 Angliae
1719 2288 1834 2319 favore
1850 2296 1939 2328 mag.
1959 2287 2098 2319 Thomae
2125 2287 2166 2319 de
2187 2286 2388 2326 Novanius:

790 2350 856 2373 non
868 2342 954 2373 obst.
973 2342 1063 2381 quod
1077 2351 1154 2373 cum
1170 2342 1293 2373 litterae
1312 2342 1459 2382 desuper
1481 2342 1647 2382 expeditae
1664 2350 1725 2381 per
1743 2341 1858 2382 plures
1873 2349 2008 2372 menses
2023 2340 2059 2372 in
2075 2340 2278 2373 cancellaria
2291 2341 2326 2373 S.
2342 2341 2387 2375 R.

789 2395 827 2426 E.
846 2395 1092 2426 remansissent
1116 2396 1149 2426 et
1162 2395 1311 2426 Joannes
1327 2404 1425 2435 ep.us
1441 2395 1651 2426 Lincolnien.
1667 2394 1803 2426 interim
1821 2393 1976 2432 obiisset,
1998 2403 2059 2426 rex
2081 2394 2243 2434 praet’atus
2261 2393 2387 2427 dictam

789 2449 901 2480 collat.
920 2449 1080 2489 ignorans
1097 2449 1208 2480 eumd.
1226 2448 1406 2479 archidiac.
1423 2448 1566 2480 contulit
1578 2448 1756 2480 Edmuudo
1775 2447 1817 2479 de
1831 2447 2019 2479 Londoniis
2037 2447 2118 2479 cler.
2127 2447 2204 2487 jure
2218 2447 2388 2489 regioque

789 2502 919 2534 confert
941 2503 1095 2533 vacantia
1109 2501 1220 2533 benef.
1239 2502 1319 2533 eccl.
1336 2502 1579 2533 cathedralium
1593 2501 1786 2532 vacantium
1799 2500 1894 2541 regni
1912 2501 1978 2532 sui.
1997 2501 2049 2540 (A.
2070 2502 2120 2539 13,
2135 2501 2160 2532 f.
2174 2502 2256 2538 70⁶;
2278 2499 2313 2532 V.
2335 2501 2387 2537 7⁰,

789 2564 841 2595 ep.
859 2557 964 2594 1506.)
1887 2581 1891 2584 .

835 2608 852 2638 1
862 2607 971 2638 1737.
991 2626 1030 2630 -
1042 2609 1241 2640 Hortatoria
1255 2608 1407 2639 Eduardo
1433 2608 1500 2648 regi
1514 2607 1636 2649 Anqliae
1643 2609 1692 2646 ut,
1710 2607 1930 2639 considerans
1945 2607 2036 2648 quod
2051 2608 2201 2640 Joannes
2217 2607 2258 2639 de
2278 2607 2390 2640 Nova-

788 2662 870 2693 villa
887 2662 988 2693 miles
1003 2664 1036 2694 et
1054 2663 1198 2693 nuncius
1216 2662 1302 2702 ejus,
1314 2665 1409 2702 pater
1423 2671 1511 2702 mag.
1527 2662 1663 2693 Thomae
1681 2661 1880 2702 supradicti,
1894 2669 1998 2701 penes
2012 2661 2207 2701 pontificem
2219 2660 2387 2693 laboravit

787 2715 950 2747 hactenus
967 2717 999 2747 et
1010 2715 1142 2747 laborat
1157 2716 1303 2747 fideliter
1321 2725 1360 2747 ao
1375 2715 1568 2755 prudenter,
1586 2715 1699 2746 eumd.
1716 2714 1881 2746 Thomam
1899 2714 1940 2746 de
1954 2714 2167 2746 assecutione
2184 2713 2266 2745 dicti
2281 2713 2388 2746 archi-

787 2769 873 2800 diac.
889 2769 1122 2801 Beddefordiae
1138 2769 1172 2800 in
1188 2769 1268 2801 eccl.
1289 2768 1499 2800 Lincolnien.
1517 2777 1583 2800 non
1600 2768 1776 2808 impediat.
1790 2767 1842 2807 (Α.
1859 2770 1910 2806 13,
1926 2767 1950 2799 f.
1967 2767 2066 2806 706123
2087 2767 2124 2799 V.
2143 2768 2192 2805 70,
2209 2775 2262 2807 ep.
2281 2766 2387 2808 1507.)

833 2820 968 2852 11738.
999 2839 1036 2844 -
1063 2821 1204 2862 Officiali
1228 2821 1380 2852 Parisien.
1404 2822 1517 2853 mand.
1545 2823 1582 2853 ut
1602 2821 1756 2853 absolvat
1780 2820 1822 2853 ab
1846 2829 1977 2853 excom.
1999 2820 2168 2853 sententia
2186 2820 2387 2853 Guaiterum

785 2875 924 2915 Coquet,
945 2876 1068 2907 laicum
1090 2875 1256 2906 Parisien.
1276 2875 1335 2913 di„
1349 2875 1407 2916 qui
1425 2875 1460 2906 in
1476 2874 1680 2915 quibusdam
1701 2874 1767 2906 litt.
1786 2876 1896 2914 apost.
1919 2876 2036 2906 contra
2054 2873 2219 2914 quosdam
2241 2881 2304 2904 suo
2323 2881 2387 2904 no·

785 2928 876 2959 mine
891 2929 1083 2968 impetratis
1099 2937 1283 2968 cognomen
1302 2928 1477 2968 cujusdam
1498 2928 1649 2968 propriis
1665 2927 1833 2959 abradens
1855 2926 2025 2964 manibus,
2045 2926 2186 2959 alterius
2203 2927 2404 2967 cognomen*

786 2982 979 3021 ignoranter
995 2982 1166 3022 apposuit.
1187 2982 1239 3021 (A.
1261 2983 1309 3019 13,
1324 2982 1344 3013 f.
1363 2983 1438 3019 7⁴6;
1463 2981 1499 3013 V.
1516 2982 1568 3019 70,
1584 2990 1635 3021 ep.
1657 2982 1760 3019 1578.)
