2626 3568
0 1600 2 1612 l

0 1747 23 1847 Ξ

194 409 297 435 Datum
308 402 508 436 -Αυεηὶοηε,

243 510 281 537 49
295 509 353 538 dec.
373 509 461 537 1319.

242 558 307 588 (xiv
322 553 380 581 kal.
394 553 467 590 jan.)

316 883 352 910 Ut
372 891 395 910 s,

315 989 352 1016 Ut
371 997 395 1017 s.

315 1254 349 1282 Ut
369 1262 393 1282 s.

313 1361 349 1389 Ut
370 1370 393 1389 s,

254 1671 257 1673 ’
315 1682 350 1709 Ut
371 1690 394 1709 s.

311 2217 348 2245 Ut
368 2225 392 2244 s.

289 2263 320 2290 Τ.
342 2262 422 2290 XXX.

243 2484 280 2511 21
297 2483 355 2511 dec.
375 2484 463 2512 1319.

241 2530 295 2564 (ιιι
314 2527 372 2556 kal.
389 2527 464 2564 jan.)

319 2856 356 2884 Ut
376 2865 398 2884 s.

554 318 728 349 JOANNIS
752 318 870 349 PAPAE
892 319 993 349 XXII.
1019 320 1267 358 (1316-1334).
1292 337 1330 341 —
1353 318 1540 349 LITTERAE
1564 317 1788 348 COMMUNES
2153 319 2193 350 ⁴3

637 506 770 538 10742.
791 526 830 531 —-
845 509 1012 550 Archiep.o
1029 509 1159 550 [spalen.
1178 510 1303 550 ejusque
1324 510 1528 550 suffraqaneis
1549 511 1585 541 ut
1610 510 1853 549 Berengarium
1873 509 2082 549 archiep.um
2097 509 2194 540 Com·

590 563 783 602 postellan.,
802 563 885 594 olim
903 571 990 603 mag.
1015 563 1053 595 O.
1076 563 1116 594 F.
1140 564 1192 598 Ρ.,
1210 565 1242 594 et
1262 563 1336 602 ejus
1354 563 1434 594 eccl.
1455 565 1610 602 potenter
1628 563 1792 594 assistant
1810 564 1925 594 contra
1937 562 2144 602 justitiarios
2161 563 2194 593 et

591 616 682 647 cives
701 616 964 655 Compostellan.
987 625 1023 647 ac
1046 616 1260 656 Alphonsum
1283 616 1416 656 Sugerii
1435 617 1559 648 dictam
1580 616 1661 647 eccl.
1681 625 1741 656 per
1760 616 1956 647 violentiam
1972 616 2193 652 detinentem,

590 669 660 709 qui,
682 669 880 706 concordiae,
901 671 978 709 post
1000 670 1127 700 multas
1148 669 1292 708 injurias
1312 669 1376 700 eid.
1401 669 1571 709 archiep.o
1598 670 1725 707 illatas,
1750 670 1838 700 inter
1857 670 1952 710 ipsos
1971 670 2064 701 initae
2085 669 2194 709 pactis

589 722 739 759 violatis,
767 722 923 762 pluribus
946 723 986 753 de
1003 723 1093 753 clero
1115 722 1315 757 interfectis,
1335 722 1448 761 ipsum
1465 731 1525 762 per
1541 722 1657 761 plures
1678 722 1751 753 dies
1775 722 1954 754 obsessum
1973 724 2006 754 et
2023 722 2194 762 captivum

589 775 807 806 detinuerunt
832 777 975 806 mortem
995 775 1027 806 ei
1050 775 1220 806 minantes
1242 776 1279 806 ut
1303 784 1380 806 cum
1399 775 1471 805 illis
1495 776 1537 806 ad
1563 776 1716 814 ipsorum
1737 778 1952 815 componeret
1971 776 2191 807 voluntatem.

589 829 643 869 (A.
661 830 709 865 13,
726 829 749 859 f.
769 830 825 865 39;
850 828 882 858 V.
901 830 951 866 70,
968 837 1020 868 ep.
1040 830 1099 859 244
1117 828 1174 867 Α.)

636 879 768 911 10743.
799 898 837 903 -
863 880 953 912 Unio.
980 882 1052 912 eccl.
1082 881 1356 922 Compostellanen.
1381 882 1588 921 suffroqaneis
1609 882 1723 913 mand.
1750 882 1795 912 id.
1821 882 1873 921 (A.
1893 884 1941 920 13,
1962 882 1984 913 f.
2007 885 2062 918 41;
2088 882 2121 914 V.
2144 884 2194 920 70,

591 944 643 975 ep.
666 936 726 966 244
747 936 800 973 Β.)

636 985 771 1017 lona.
792 1006 832 1011 —
847 988 997 1019 Rodcrico
1015 987 1054 1020 el.
1079 988 1205 1025 Lucen„
1231 992 1258 1018 et
1284 987 1419 1019 Deodato
1445 988 1542 1023 Pelri‚
1561 988 1598 1019 de
1618 987 1798 1019 Calomonce
1823 988 2002 1024 Virdunen.‚
2028 999 2064 1019 ac
2078 989 2196 1019 ΙΙοανιηί

589 1040 697 1078 Fabri,
713 1041 866 1082 Ayathen.
888 1041 960 1073 eccl.
981 1052 1061 1078 can„
1078 1042 1191 1073 mand.
1210 1043 1258 1079 ut,
1277 1042 1307 1072 si
1323 1043 1400 1081 post
1419 1042 1680 1082 inquisitionem
1694 1042 1781 1081 ipsis
1797 1042 1988 1073 constiterit
2006 1043 2196 1074 concessio-

589 1103 650 1126 nes
665 1096 698 1126 et
713 1095 962 1135 promissiones
974 1104 994 1126 a
1007 1095 1148 1135 praefato
1163 1095 1334 1135 archiepo
1350 1095 1451 1126 dictis
1463 1095 1675 1136 justitiariis,
1693 1095 1825 1126 civibus
1839 1097 1872 1126 et
1886 1095 2062 1136 Alphonso
2078 1096 2195 1132 factas,

589 1156 650 1187 per
666 1148 735 1179 vim
755 1150 788 1180 et
805 1150 933 1180 metum
953 1149 1104 1180 extortas
1123 1148 1242 1186 fuisse,
1258 1149 1351 1188 ipsas
1377 1148 1489 1179 nullas
1507 1150 1540 1179 et
1557 1148 1674 1179 irritas
1691 1149 1886 1186 decernant,
1901 1149 1932 1180 et
1949 1157 2066 1180 omnes
2085 1149 2197 1189 culpa-

588 1201 677 1233 biles
694 1202 1006 1233 excommunicatos
1022 1202 1157 1242 publice
1175 1202 1341 1234 nuntient.
1362 1202 1414 1241 (A.
1435 1204 1484 1238 13,
1502 1203 1524 1233 f.
1540 1204 1596 1238 41;
1623 1201 1652 1232 V.
1675 1203 1724 1240 70,
1746 1211 1798 1242 ep.
1817 1203 1878 1234 244
1895 1203 1946 1241 C.)

637 1252 772 1284 10745.
797 1273 835 1278 —
861 1255 912 1286 El.
946 1255 1083 1286 Toletan.
1106 1260 1135 1285 et
1155 1256 1238 1286 univ.
1264 1255 1465 1296 suffraqaneis
1490 1255 1563 1287 eccl.
1589 1255 1729 1286 Toletan.
1757 1256 1871 1287 mand.
1897 1257 1933 1287 ut
1955 1265 1996 1294 s.,
2017 1264 2051 1287 n.
2074 1257 2196 1287 10742.

589 1308 643 1350 (Α.
661 1310 710 1346 13,
727 1308 749 1339 f.
767 1311 827 1345 413
857 1308 889 1339 V.
907 1311 958 1347 70,
973 1319 1026 1349 ep.
1042 1311 1102 1341 244
1114 1309 1170 1349 D.)

637 1359 771 1391 10746.
795 1381 833 1386 --
854 1362 894 1393 Ν.
920 1373 949 1393 υ.
970 1362 1133 1404 Philippo,
1154 1368 1227 1393 nato
1250 1363 1286 1393 cl.
1312 1373 1369 1393 me.
1387 1362 1495 1393 Sancii
1515 1360 1594 1403 re'qis
1618 1362 1767 1401 Castellae‚
1791 1364 1905 1394 mand.
1925 1365 1962 1394 ut
1976 1363 2196 1404 justitiarios,

590 1416 682 1447 cives
709 1418 741 1448 et
758 1416 972 1456 Alphonsum
993 1417 1176 1456 ,iamdictos
1194 1426 1409 1457 nequaquam
1434 1417 1557 1454 foveat,
1582 1417 1735 1456 alioquin
1753 1417 1794 1448 ad
1810 1416 2075 1456 publicationem
2095 1418 2128 1448 et
2142 1426 2195 1457 ag-

590 1469 820 1509 gravationem
838 1470 1083 1501 sententiarum
1103 1471 1220 1501 contra
1235 1470 1314 1501 illos
1329 1470 1488 1508 latarum,
1510 1471 1626 1501 contra
1642 1471 1755 1510 ipsum
1773 1470 1877 1502 etiam
1896 1471 2108 1510 procedetur,
2125 1479 2198 1510 gra-

590 1523 744 1554 vioribus
754 1523 977 1555 nihilominus
993 1524 1101 1563 poenis
1116 1524 1302 1563 adjunctis;
1318 1524 1391 1563 ipse
1405 1524 1508 1559 enim,
1525 1533 1664 1555 suorum
1676 1524 1932 1564 progenitorum
1945 1524 2090 1564 vestigia
2103 1524 2199 1555 dese-

590 1585 680 1612 rens,
698 1577 867 1608 auxilium
888 1577 1041 1608 debitum
1062 1577 1232 1617 archiep.o
1248 1578 1388 1617 praefato
1409 1578 1549 1608 mini1ne
1565 1577 1732 1617 praebens,
1751 1586 1787 1609 se
1805 1578 2030 1618 principalem
2049 1577 2199 1609 ostendit

590 1630 786 1666 hujusmodi
799 1630 959 1662 factionis
973 1632 1133 1663 actorem.
1151 1631 1205 1671 (A.
1223 1632 1272 1668 13,
1292 1631 1315 1662 f.
1334 1634 1393 1667 413
1416 1631 1452 1662 V.
1473 1632 1522 1667 70,
1540 1639 1591 1670 ep.
1611 1633 1671 1663 244
1684 1631 1739 1671 Ε.)

637 1680 772 1712 10747.
791 1701 830 1706 -
847 1683 1018 1725 Arclzz'ep.0
1036 1683 1276 1725 Compostellan.
1296 1693 1388 1716 conc.
1414 1685 1450 1715 ut
1474 1685 1516 1715 ad
1537 1685 1829 1724 recuperationem
1848 1686 1880 1716 et
1894 1685 2127 1716 defensionem
2145 1685 2196 1724 Ju-

591 1737 681 1768 rium
700 1745 841 1768 suorum
861 1738 894 1768 et
917 1738 996 1768 eccl.
1021 1746 1091 1769 suae
1112 1738 1295 1777 procedere
1315 1737 1382 1768 sibi
1402 1738 1503 1769 liceat
1525 1747 1592 1769 non
1611 1738 1700 1769 obst.
1718 1738 1838 1778 pactis,
1857 1738 2147 1777 promissionibus
2165 1739 2198 1770 et

591 1789 870 1821 concessionibus
884 1790 963 1821 aliis
975 1791 1213 1831 ajustitiariis,
1229 1791 1361 1822 civibus
1375 1793 1406 1822 et
1422 1791 1597 1831 Alphonso
1608 1791 1781 1831 jamdictis
1797 1791 1864 1831 ipsi
1878 1800 1938 1831 per
1953 1792 2023 1822 vim
2039 1791 2196 1824 extortis.

592 1844 644 1884 (A.
663 1845 712 1881 13,
732 1843 754 1874 f.
770 1846 829 1881 413
852 1844 887 1875 V.
905 1846 956 1882 70,
976 1852 1029 1883 ep.
1046 1845 1106 1874 244
1121 1844 1174 1884 F.)

639 1898 649 1908 ·
668 1894 804 1926 10748.
824 1915 862 1920 --
883 1897 981 1938 May„
1001 1897 1153 1937 frutribus
1174 1902 1202 1928 et
1225 1897 1351 1937 filiabus
1367 1898 1520 1928 sororibus
1537 1898 1652 1928 Domus
1672 1898 1730 1928 Dei
1748 1897 1909 1929 Belvacen.
1937 1899 1977 1931 O.
1998 1899 2031 1930 S.
2048 1899 2090 1930 A.
2114 1898 2197 1930 Con-

591 1951 738 1982 firmatio
762 1951 882 1982 statuti
900 1960 961 1991 per
981 1951 1071 1991 quod
1092 1960 1258 1982 numerus
1280 1951 1425 1982 fratrum
1450 1952 1489 1982 ad
1516 1952 1686 1989 undecim,
1709 1952 1871 1993 magistro
1891 1952 2147 1992 comprehenso,
2165 1952 2199 1984 et

592 2013 747 2036 sororum
776 2005 908 2035 Domus
934 2005 997 2036 Dei
1017 2005 1195 2036 Belvacen.
1221 2005 1262 2035 ad
1285 2005 1399 2036 decem
1424 2005 1608 2042 reducitur,
1628 2014 1668 2036 ne
1686 2005 1775 2036 bona
1796 2005 1943 2036 infirmis
1963 2006 2060 2037 dictae
2075 2006 2199 2037 domus

592 2066 753 2089 concessa
769 2058 1003 2097 dissipentur;
1019 2058 1110 2098 quod
1126 2058 1263 2098 quidem
1283 2059 1448 2090 statutum
1466 2059 1530 2089 fuit
1547 2059 1674 2090 factum
1690 2068 1750 2098 per
1766 2058 1799 2090 b.
1817 2068 1862 2090 m.
1882 2059 2057 2091 Simonem
2074 2060 2107 2091 et
2123 2067 2199 2090 suc-

591 2120 762 2143 cessorem
786 2111 860 2151 ejus
885 2112 1049 2142 Joannem
1070 2120 1165 2152 ep.os
1187 2112 1378 2149 Belvacen.‚
1405 2113 1497 2152 regis
1522 2113 1636 2143 tamen
1658 2112 1810 2143 Franciae
1831 2112 1907 2152 J'ure
1930 2113 2036 2144 salvo.
2067 2113 2118 2150 (A.
2147 2114 2197 2151 13,

592 2165 616 2195 f.
632 2166 691 2196 314
705 2164 734 2200 b;
756 2164 789 2196 V.
805 2166 856 2202 70,
874 2174 926 2204 ep.
945 2166 1029 2203 520.)

639 2215 773 2247 10749.
799 2236 836 2241 --
854 2218 939 2258 May.
964 2218 1137 2259 Hospitalis
1158 2229 1182 2248 s.
1206 2218 1335 2249 Joarmis
1354 2219 1595 2250 Jerosolimitani
1613 2219 1713 2250 facul.
1738 2219 1907 2250 tractandi
1925 2219 2140 2250 excambium
2158 2220 2199 2251 de

591 2272 703 2308 domo,
721 2281 823 2312 quam
840 2272 1019 2312 Hospitale
1035 2273 1150 2312 ipsum
1171 2272 1206 2303 in
1229 2276 1340 2303 castro
1358 2273 1398 2303 de
1418 2273 1617 2313 Argeleriis,
1636 2273 1755 2304 Einen.
1773 2273 1833 2310 di.,
1853 2273 2025 2312 prioratus
2043 2273 2198 2304 Cathalo-

592 2325 667 2363 niae,
686 2325 826 2363 obtinet,
842 2325 925 2356 olim
939 2325 982 2356 ad
995 2326 1119 2365 quond.
1135 2325 1206 2357 ord.
1223 2325 1355 2357 Militiae
1371 2326 1502 2366 Templi
1516 2327 1701 2366 spectante,
1716 2335 1776 2366 pro
1787 2326 1866 2357 aliis
1882 2326 1966 2357 locis
1981 2326 2199 2366 assignandis

592 2389 611 2411 a
629 2380 729 2410 Petro
743 2379 905 2410 Amorosi
921 2378 962 2410 de
980 2378 1191 2416 Cocpoero,
1208 2379 1305 2410 dictae
1320 2380 1380 2417 di.,
1398 2380 1528 2411 consid.
1545 2379 1697 2417 imberti,
1716 2380 1818 2420 τεθείς,
1835 2381 1867 2411 et
1882 2380 2011 2411 Sanciae
2029 2380 2199 2411 consortis

591 2433 677 2473 ejus,
694 2433 818 2472 reginae
832 2432 969 2464 Siciliae.
987 2433 1039 2469 (A.
1060 2434 1108 2470 13,
1126 2433 1149 2464 f.
1166 2434 1226 2464 590
1239 2438 1270 2470 ³3
1294 2432 1326 2465 V.
1346 2434 1395 2470 70,
1413 2442 1466 2472 ep.
1484 2435 1587 2472 1155.)

639 2483 774 2515 10750.
791 2503 829 2509 -
843 2485 1032 2526 Leodeqario
1045 2485 1082 2517 de
1096 2486 1280 2522 Beccisiaco,
1294 2496 1367 2527 cap.
1382 2487 1533 2526 Philippi
1550 2488 1590 2519 R.
1607 2488 1640 2518 et
1649 2487 1838 2519 JoannaeR.
1856 2488 1893 2518 F.
1914 2488 1947 2518 et
1964 2488 2019 2523 N.,
2038 2487 2196 2526 supplic„

592 2539 706 2572 collat.
724 2548 842 2571 canon.
864 2541 897 2571 et
913 2539 1017 2579 praeb.
1035 2540 1116 2571 eccl.
1137 2540 1329 2577 Carnoten.‚
1349 2549 1419 2572 vac.
1446 2549 1506 2580 per
1522 2540 1603 2572 obit.
1623 2541 1769 2580 Begonis
1792 2541 1832 2572 de
1852 2540 2072 2572 Calvomonte
2095 2540 2128 2571 S.
2155 2540 2196 2571 A.

592 2602 683 2633 cap.;
710 2602 777 2624 non
800 2593 887 2624 obst.
908 2593 1074 2625 decanatu
1092 2593 1198 2625 rurali
1215 2594 1255 2625 de
1274 2594 1454 2625 Meleduno
1480 2603 1547 2625 non
1566 2603 1672 2634 perp„
1692 2593 1795 2634 praeb.
1814 2594 1854 2625 de
1874 2593 2053 2631 Bethunia‚
2074 2593 2197 2633 capell.

593 2646 634 2678 de
646 2646 817 2681 Nantolis,
833 2646 1014 2684 Senonen.,
1032 2646 1229 2678 Atrebaten.
1247 2648 1279 2678 et
1295 2648 1436 2679 Remen.
1452 2647 1510 2683 di„
1526 2656 1642 2678 canon.
1661 2646 1724 2677 sub
1742 2655 1837 2686 exsp.
1855 2646 1957 2685 praeb.
1973 2646 2053 2677 eccl.
2073 2646 2198 2678 Torna-

594 2708 679 2737 cen„
695 2701 728 2731 et
740 2708 859 2730 canon.
875 2699 956 2731 eccl.
975 2699 1194 2732 Catalaunen.
1209 2700 1272 2731 sub
1289 2709 1384 2740 exsp.
1399 2700 1515 2740 praeb.‚
1530 2700 1634 2740 dign,
1650 2701 1851 2739 personatus
1866 2708 1927 2730 seu
1941 2699 1995 2730 off.
2011 2716 2049 2722 —
2061 2699 2088 2730 Ι.
2106 2708 2136 2731 e.
2151 2708 2196 2730 m.

595 2752 721 2783 archid.
744 2752 885 2784 Biliomi
908 2753 944 2784 in
965 2753 1047 2785 eccl.
1074 2753 1341 2791 Claromonten.,
1364 2756 1396 2785 et
1420 2754 1527 2793 priori
1553 2762 1580 2784 s.
1603 2753 1742 2784 Martini
1766 2753 1802 2784 in
1822 2752 1921 2785 Valle
1947 2753 2140 2790 Carnoten.,
2161 2761 2199 2784 ac

595 2806 682 2836 cant.
700 2805 780 2837 eccl.
797 2806 965 2838 Parisien.
980 2806 1035 2846 (A.
1054 2809 1103 2843 13,
1121 2807 1145 2837 f.
1165 2808 1223 2839 115
1240 2807 1269 2844 ὓς
1293 2806 1324 2837 V.
1343 2809 1393 2844 70,
1408 2815 1461 2847 ep.
1478 2806 1563 2843 212.)

642 2855 775 2887 10751.
792 2876 831 2881 -
846 2858 929 2900 May.
946 2859 1040 2890 Petro
1056 2860 1234 2896 Bertrandi,
1253 2869 1286 2891 u.
1300 2860 1326 2900 j.
1344 2860 1544 2900 professori,
1561 2859 1675 2890 collat.
1695 2867 1812 2890 canon.
1835 2858 1914 2890 eccl.
1937 2859 2117 2896 Parisien.,
2135 2859 2199 2891 sub

596 2920 691 2951 exsp.
709 2911 812 2951 praeb.
831 2911 981 2952 integrae‚
998 2912 1126 2948 liberae,
1145 2922 1212 2944 non
1231 2913 1463 2950 sacerdotalis,
1486 2913 1518 2943 et
1536 2912 1643 2952 dign,
1665 2921 1726 2943 seu
1744 2913 1959 2952 personatus,
1981 2912 2034 2944 vel
2051 2914 2105 2944 off.
2121 2922 2149 2944 c.
2168 2923 2196 2945 c.

595 2965 648 2995 vel
666 2973 693 2995 s.
711 2973 758 3001 c.;
777 2964 958 2997 archidiac.
978 2975 1057 2998 vero
1073 2966 1227 2998 Billiomi
1243 2976 1270 2998 c.
1287 2975 1315 2997 c.
1336 2967 1371 2997 in
1383 2966 1462 2998 eccl.
1477 2966 1728 2997 Claromonten.
1746 2965 1905 2997 dimittat.
1920 2966 1995 2998 -Ι,
2013 2975 2042 2998 e.
2059 2975 2103 2998 m.
2122 2975 2199 3007 ep.o
