2566 3562
361 316 400 347 96

396 405 496 431 Datum
516 397 698 431 Avenione.

369 506 442 539 2(v1
458 505 538 537 000.)
550 503 618 530 maii
632 501 719 529 1320.

503 662 538 689 Ut
558 671 581 689 s.

504 821 539 848 Ut
555 829 578 847 s.

441 866 471 892 T.
492 866 550 898 xli,
568 865 636 892 XIV.

365 1087 385 1115 3
399 1087 427 1123 (v
445 1086 528 1122 non.)
543 1087 611 1114 maii
627 1085 712 1113 1320.

495 1194 531 1221 Ut
559 1202 582 1220 s.

478 1239 509 1266 T.
531 1238 600 1265 XVI.

499 1353 535 1380 Ut
551 1362 574 1380 s.

449 1398 479 1425 T.
495 1398 540 1432 xl,
556 1398 627 1425 x111.

498 1620 534 1647 Ut
550 1628 572 1647 s.

496 1728 532 1754 Ut
551 1736 574 1755 s.

352 1834 371 1861 4
389 1835 430 1870 (lv
446 1834 526 1867 000.)
548 1836 614 1862 maii
634 1834 721 1861 1320.

496 2049 530 2076 Ut
551 2058 573 2077 s.

497 2263 531 2290 Ut
551 2272 574 2291 s.

496 2422 532 2450 Ut
551 2431 574 2449 s.

499 2581 533 2608 Ut
547 2589 569 2608 s.

499 2846 534 2873 Ut.
548 2855 569 2873 s.

753 307 925 340 JOANNIS
949 306 1066 338 PAPAE
1088 306 1190 336 XXII.
1215 306 1462 345 (1316-1334).
1486 323 1524 328 -
1546 303 1733 336 LITTERAE
1755 304 1980 337 COMMUNES

830 496 965 529 11367.
985 517 1023 522 -
1038 498 1196 539 Mayistris
1215 497 1348 529 Guidom·
1361 497 1398 528 de
1414 496 1542 528 Lavalle
1555 502 1582 527 el
1602 497 1630 527 Y
1628 497 1700 528 voni
1711 497 1748 528 de
1757 497 1929 536 Lambdia,
1945 508 2027 537 can..
2041 509 2079 531 αο
2095 499 2228 542 officiali
2242 500 2385 542 Andeqa·

783 562 849 583 ven.
869 552 982 583 mand.
1001 553 1038 582 ut
1053 551 1227 583 Robinum
1254 551 1294 582 de
1318 550 1510 582 Villaribus
1537 550 1703 582 scolarem
1725 550 1952 585 Cenomanen.
1969 552 2097 586 faciant
2112 554 2218 595 recipi
2240 554 2277 586 in
2290 562 2382 587 mon.

785 605 930 636 monast.
949 614 977 636 s.
994 605 1087 636 Petri
1103 605 1144 636 de
1160 603 1312 640 Cultura,
1330 604 1370 636 Ο.
1387 604 1421 635 S.
1438 604 1490 642 Β.,
1509 603 1737 635 cenomanen.
1752 604 1798 635 di.
1821 603 1873 643 (V.
1895 606 1946 643 70,
1960 614 2014 646 ep.
2030 607 2117 646 809.)

830 655 964 686 11368.
984 675 1023 680 —-
1038 657 1200 688 Simonino
1219 657 1256 688 de
1272 656 1453 688 Bordolano
1469 665 1563 697 prov.
1583 666 1702 688 canon.
1721 656 1785 689 suh
1802 666 1899 698 exsp.
1919 658 2022 698 praeb.
2040 659 2122 691 eccl.
2139 660 2283 692 Guman.
2300 678 2338 684 -
2354 661 2382 693 1.

784 720 813 742 e.
828 719 873 742 m.
895 720 923 742 s.
937 710 1113 743 Ambrosii
1133 710 1374 748 Mediolanen„
1394 711 1427 742 et
1443 710 1678 742 Fructuarien.
1696 712 1842 742 monast.
1860 710 1951 750 abb„
1970 720 2009 743 ac
2027 720 2132 753 praep.
2147 712 2228 745 eccl.
2245 722 2273 745 s.
2289 713 2385 746 Petri

783 765 823 795 de
840 764 1015 800 Clavaxio,
1030 764 1178 804 Iporien.
1194 764 1240 796 di.
1258 763 1313 804 (V.
1332 765 1382 802 70,
1401 772 1454 804 ep.
1470 763 1559 804 871.)

829 814 962 847 11369.
984 834 1022 840 -
1046 817 1205 848 Antonino
1229 816 1266 847 de
1291 816 1408 855 Goano,
1434 816 1507 848 cler.
1535 817 1681 853 Januen.‚
1706 817 1787 850 cler.
1805 817 1947 855 Roberti
1974 819 2066 859 regis
2083 819 2209 852 Siciliae
2224 820 2382 861 supplic„

782 872 1000 902 reservantur
1016 880 1133 902 canon.
1152 872 1185 902 et
1202 870 1305 911 praeb.
1327 871 1407 902 6001.
1429 870 1684 902 Autisiodoren.
1701 879 1762 911 per
1779 873 1964 903 consecrat.
1988 881 2078 913 mag.
2100 873 2194 905 Petri
2213 873 2323 912 Ferri,
2338 873 2382 906 el.

782 924 966 964 Anagnia,
984 924 1020 955 in
1034 924 1132 955 brevi
1145 924 1298 955 vacaturi
1309 934 1319 960 ;
1338 933 1405 955 non
1420 924 1506 955 obst.
1523 932 1641 955 canon.
1659 925 1739 956 eccl.
1757 925 1922 957 Mor-ineu.
1941 925 2005 957 sub
2018 933 2115 966 exsp.
2133 926 2238 967 praeb.
2253 944 2293 950 —
2307 927 2335 959 1.
2351 935 2382 960 e.

781 986 826 1009 m.
846 986 873 1009 s.
893 977 960 1009 Siri
983 978 1141 1015 Januen„
1171 978 1247 1009 ets.
1263 978 1425 1010 Germani
1454 979 1600 1009 monast.
1625 977 1714 1016 abb„
1732 987 1771 1009 ac
1792 979 1900 1018 priori
1919 987 1947 1010 s.
1965 978 2107 1011 Eusehii
2127 980 2381 1013 Autisiodoren.

780 1031 834 1072 (A.
856 1032 905 1068 13,
923 1031 947 1062 f.
966 1033 1025 1063 730
1036 1041 1046 1067 ;
1076 1031 1108 1061 V.
1127 1032 1176 1069 70,
1194 1039 1246 1070 ep.
1264 1030 1371 1071 1545.)

827 1082 962 1113 11370.
981 1102 1019 1107 —
1037 1085 1131 1115 Petro
1149 1084 1187 1116 el.
1211 1084 1384 1115 [eumenen.
1410 1084 1511 1116 facul.
1537 1086 1574 1116 ut
1597 1085 1708 1125 possit
1732 1086 1923 1117 consecrari
1940 1095 1960 1117 a
1984 1095 2198 1127 quocumque
2224 1087 2384 1120 maluerit

781 1147 856 1178 ep.0
870 1138 905 1169 in
922 1138 1015 1170 curia
1033 1139 1088 1170 vel
1105 1140 1211 1169 extra.
1229 1138 1283 1178 (V.
1301 1139 1351 1176 70,
1371 1146 1423 1178 ep.
1439 1139 1525 1177 900.)

826 1189 962 1222 11371.
979 1209 1017 1213 —
1032 1192 1120 1232 Epo
1145 1191 1307 1223 Faventia.
1337 1192 1452 1224 mand.
1468 1193 1507 1223 ut
1530 1191 1706 1232 dispenset
1719 1201 1821 1232 super
1835 1197 1883 1235 1vf’
1899 1194 2120 1234 consanguin.
2139 1194 2246 1234 gradu
2260 1194 2296 1226 in
2314 1203 2385 1227 ma·

779 1245 871 1276 trim.
888 1245 959 1285 Jam
975 1246 1146 1277 contracto
1160 1254 1192 1276 n.
1210 1254 1243 1276 v.
1259 1246 1391 1277 Tanum
1409 1245 1534 1285 quond.
1550 1244 1713 1277 Ubaldini
1729 1245 1769 1277 de
1783 1246 1906 1278 Cirelis
1922 1247 1956 1278 et
1970 1246 2190 1287 Margaritam
2205 1247 2312 1280 filiam
2325 1249 2383 1282 Ri-

779 1298 870 1338 gheti
888 1299 928 1330 de
946 1299 1123 1339 Rhogatis,
1139 1299 1317 1330 Faventin.
1333 1299 1378 1330 di.
1397 1299 1449 1338 (A.
1470 1299 1519 1338 13,
1536 1298 1560 1330 f.
1574 1300 1650 1336 5503
1674 1298 1708 1329 V.
1727 1300 1776 1335 70,
1789 1308 1842 1339 ep.
1860 1300 1964 1339 1107.)

827 1349 963 1381 11372.
979 1370 1018 1374 -
1035 1352 1156 1384 Collat.
1182 1353 1415 1392 praepositurae
1435 1352 1515 1383 eccl.
1538 1352 1721 1392 Anagnin.‚
1746 1361 1774 1384 0.
1801 1361 1843 1389 0.,
1870 1361 1932 1392 per
1958 1352 2196 1386 dimissionem
2221 1363 2242 1386 a
2266 1355 2384 1388 Laudo

781 1406 949 1437 Catenatii
962 1406 1060 1445 juxta
1078 1405 1212 1437 constit.
1231 1414 1334 1445 super
1347 1405 1472 1446 plural.
1490 1405 1603 1437 benef.
1622 1405 1748 1438 factam
1761 1414 1848 1444 vac„
1863 1406 1957 1437 Petro
1974 1411 2047 1437 nato
2063 1407 2179 1448 quand.
2189 1407 2286 1439 Pauli
2299 1409 2383 1441 Miti-

782 1459 819 1489 εἰς
837 1459 1010 1499 Αηαῃηίη.,
1039 1459 1134 1490 dictae
1152 1459 1232 1491 6001.
1252 1467 1325 1490 can.
1345 1458 1507 1499 praeben„
1525 1460 1559 1491 et
1584 1458 1620 1490 in
1635 1467 1664 1490 s.
1680 1459 1774 1491 Petri
1789 1459 1830 1491 de
1845 1460 2018 1497 Anticulo,
2033 1461 2202 1502 Anagnin.
2221 1461 2283 1507 di„
2300 1463 2383 1495 6001.

779 1512 892 1543 locum
909 1514 942 1543 et
969 1512 1080 1543 benef.
1107 1512 1284 1544 obtinenti.
1303 1530 1341 1535 -
1359 1513 1386 1544 I.
1405 1521 1433 1544 e.
1454 1521 1499 1543 m.
1518 1521 1546 1544 s.
1564 1513 1708 1552 Agnetis
1724 1513 1757 1544 et
1774 1521 1802 1543 s.
1821 1513 1928 1545 Olivae
1945 1513 2114 1554 Anagnia.
2134 1514 2326 1556 archim-js,
2345 1524 2384 1549 ac

778 1566 981 1606 Ingeraymo
997 1567 1037 1597 de
1053 1566 1276 1605 Montelpero,
1293 1575 1365 1597 can.
1384 1566 1587 1598 Anconitan.
1606 1566 1686 1597 6001.
1704 1566 1756 1606 (Α.
1780 1567 1830 1602 13,
1849 1566 1872 1597 f.
1889 1566 1990 1604 444123
2014 1566 2047 1598 V.
2068 1568 2117 1606 70,
2135 1577 2187 1608 ep.
2207 1570 2311 1609 1118.)

826 1617 960 1648 11373.
978 1637 1016 1642 -
1043 1619 1160 1650 ,Ιοαηηί
1186 1619 1306 1650 Alberlz'
1328 1619 1364 1650 de
1389 1619 1611 1657 Gundricuria,
1641 1618 1714 1650 cler.
1745 1618 1866 1651 Tullen.
1883 1619 1942 1657 di„
1959 1615 2052 1653 0000.
2069 1621 2312 1655 tabellionatus
2326 1623 2381 1655 off.

780 1672 831 1711 (V.
853 1674 903 1710 70,
921 1681 972 1712 ep.
993 1673 1098 1712 1612.)

825 1723 959 1755 11374.
978 1744 1016 1749 -—-
1034 1726 1198 1757 Francisco
1221 1726 1358 1767 Onufrii,
1372 1726 1410 1757 de
1434 1725 1614 1767 Carpinew,
1634 1726 1706 1757 cler.
1725 1727 1862 1757 Permen.
1882 1726 1942 1765 di„
1958 1735 2050 1759 0000.
2066 1727 2311 1761 tabellionatus
2326 1730 2382 1762 off.

779 1779 888 1820 (lbid.)

826 1831 961 1863 11375.
978 1852 1005 1857 —
1034 1833 1207 1864 Bertrando
1233 1834 1270 1864 de
1303 1833 1500 1865 Texenderiis
1526 1834 1724 1873 providetur
1742 1834 1783 1865 de
1803 1843 1921 1866 canon.
1940 1835 1974 1866 et
1984 1831 2092 1875 >praeb.
2109 1835 2190 1867 6001.
2208 1836 2381 1877 Β630060.,

778 1896 838 1927 per
855 1887 1055 1919 electionem
1073 1887 1250 1919 Guillelmi
1268 1887 1303 1918 in
1319 1887 1518 1927 episcopum
1539 1887 1714 1919 Vivarien.
1732 1896 1816 1925 vac„
1834 1888 1964 1919 consid.
1979 1889 2160 1920 Bertrandi
2176 1889 2210 1921 S.
2230 1889 2382 1922 Marcelli

778 1941 891 1980 presb.
909 1941 1000 1972 card.
1022 1941 1118 1981 qu'us
1138 1943 1190 1972 est
1205 1949 1322 1980 nepos.
1343 1959 1380 1963 —
1396 1941 1422 1972 Ι.
1440 1949 1469 1972 e.
1493 1949 1538 1972 m.
1556 1940 1632 1972 abb.
1650 1942 1795 1972 monast.
1812 1941 1850 1972 B.
1869 1941 1914 1972 Μ.
1931 1941 1972 1973 (16
1989 1942 2128 1982 Longis,
2144 1941 2304 1983 Bajocen.
2319 1943 2380 1981 di„

778 1997 810 2026 et
821 2003 922 2034 praep.
938 1994 1156 2030 Avinionen.,
1170 2003 1207 2025 ac
1223 2003 1310 2034 mag.
1329 1993 1497 2033 Stephano
1511 1994 1694 2033 Hugoneti‚
1712 2002 1784 2025 can.
1799 1994 1975 2026 Mimaten.
1991 1995 2072 2026 6001.
2088 1995 2145 2036 (V.
2160 1997 2210 2034 70,
2227 2004 2281 2037 ep.
2295 1998 2382 2036 695.)

825 2045 961 2077 11376.
980 2066 1017 2070 -
1032 2047 1145 2079 Jacobo
1161 2047 1196 2078 de
1215 2047 1331 2078 Ne’vene
1346 2056 1440 2087 prov.
1463 2056 1581 2079 canon.
1600 2048 1681 2079 6001.
1699 2056 1728 2079 s.
1751 2048 1925 2088 Dionysii,
1944 2048 2106 2080 Leodien.
2124 2048 2186 2086 di„
2201 2049 2265 2081 sub
2282 2058 2379 2091 exsp.

777 2101 880 2140 praeb.
890 2111 899 2137 ;
916 2110 983 2132 non
1000 2101 1086 2132 obst.
1104 2101 1240 2140 paroch.
1258 2101 1339 2132 eccl.
1362 2101 1403 2132 (16
1418 2101 1626 2138 Galmardis‚
1643 2101 1858 2133 Cameracen.
1876 2101 1935 2137 di.,
1956 2103 2006 2140 (25
2023 2101 2082 2133 lib.
2099 2102 2276 2142 parisien.)
2292 2121 2333 2127 —-
2349 2104 2379 2136 Ι.

778 2163 806 2185 6.
825 2164 870 2186 m.
885 2155 1011 2186 decano
1030 2164 1057 2185 s.
1079 2154 1225 2186 Servatii
1240 2154 1442 2194 Trajecten„
1469 2154 1619 2187 Leodien
1635 2154 1695 2192 di„
1712 2155 1745 2186 et
1761 2155 1894 2186 Buxolo
1910 2155 1951 2186 de
1970 2156 2105 2193 Parma,
2121 2156 2322 2193 Tornacen.‚
2341 2166 2382 2189 ac

776 2208 912 2239 Inberto
929 2209 1018 2239 dicto
1033 2208 1205 2245 Franscis,
1225 2208 1386 2239 Leodien.
1405 2217 1476 2239 can.
1495 2208 1575 2239 6001.
1592 2207 1643 2247 (V.
1668 2208 1717 2245 70,
1739 2216 1792 2247 ep.
1806 2208 1898 2248 713.)

824 2259 959 2291 11377.
980 2278 1017 2283 -
1032 2260 1074 2291 Ν.
1093 2272 1122 2291 υ.
1152 2260 1308 2291 Theodoro
1321 2261 1494 2291 marchioni
1509 2260 1735 2301 Monlisferrati
1750 2261 1914 2301 indulget.
1932 2263 2048 2293 utnon
2062 2262 2173 2302 possit
2185 2271 2379 2296 excommu-

777 2315 884 2346 nicari
902 2323 963 2354 per
978 2315 1189 2346 ordinarium
1206 2315 1275 2345 nisi
1290 2315 1326 2345 in
1351 2315 1465 2346 causis
1481 2315 1523 2346 ad
1544 2315 1814 2346 ecclesiasticum
1834 2314 1946 2346 forum
1966 2315 2231 2355 pertinentibus.
2248 2317 2302 2357 (V.
2328 2318 2380 2354 70,

777 2377 829 2408 ep.
844 2371 900 2400 761
917 2369 971 2407 A.)

823 2419 959 2451 11378.
980 2439 1019 2444 -
1041 2421 1127 2461 Ερ.ο
1145 2422 1266 2462 Aquen.
1285 2427 1313 2452 ec
1335 2421 1404 2452 abb.
1426 2425 1557 2452 monast.
1576 2421 1807 2459 Fructuarien„
1834 2421 1971 2459 Iporien.
1994 2421 2051 2458 di„
2073 2432 2108 2452 ac
2127 2432 2227 2464 praep.
2250 2423 2324 2454 6001.
2343 2423 2381 2455 de

779 2474 901 2512 Cherio,
935 2475 1099 2505 Taurinen.
1133 2475 1191 2510 di„
1220 2475 1333 2508 mand.
1366 2477 1403 2506 ut
1429 2475 1600 2506 indultum
1630 2475 1829 2515 praedictum
1862 2474 2038 2507 observari
2067 2475 2205 2508 faciant.
2236 2476 2291 2518 (V.
2327 2479 2377 2516 70,

776 2537 828 2568 ep.
848 2530 904 2560 761
922 2529 974 2567 Β.)

822 2579 959 2611 11379.
979 2599 1016 2604 —-
1031 2582 1068 2612 S.
1086 2581 1241 2612 Ambrosii
1263 2581 1466 2612 Mediolanen.
1494 2587 1524 2612 ec
1540 2581 1576 2612 de
1589 2591 1614 2612 s.
1637 2581 1810 2612 Gaudentio
1827 2588 1952 2614 monast.
1970 2582 2052 2621 abb„
2074 2593 2111 2614 αο
2131 2592 2234 2625 praep.
2251 2583 2325 2614 eccl.
2342 2583 2380 2615 dc

778 2635 938 2671 Clavumio,
963 2635 1082 2676 Aquen.
1101 2640 1129 2665 ec
1149 2635 1295 2676 Yporien.
1314 2635 1370 2672 di„
1397 2635 1511 2666 mand.
1527 2637 1564 2667 ut
1582 2630 1722 2676 praefato
1738 2635 1926 2667 marchioni
1941 2636 2067 2668 faciant
2078 2636 2255 2677 [justitiam
2269 2637 2310 2669 de
2326 2637 2378 2669 in·
2419 2652 2422 2655 ·

773 2678 916 2720 terdic'to
930 2689 999 2720 lato
1012 2698 1072 2728 per
1083 2689 1258 2720 Tedisium
1273 2697 1387 2729 ep.um
1398 2689 1582 2721 Taurinen.
1593 2689 1628 2720 in
1643 2691 1756 2720 castro
1769 2698 1796 2720 s.
1814 2689 2000 2729 Raphaelis
2013 2691 2045 2721 et
2056 2690 2252 2722 hominihus
2265 2691 2378 2731 ipsius

775 2742 878 2773 castri
899 2742 1030 2774 ratione
1051 2742 1236 2782 Juramenti
1252 2742 1332 2774 facti
1347 2742 1535 2774 marchioni
1553 2743 1713 2782 praedicto
1727 2744 1760 2774 et
1773 2751 1840 2774 non
1856 2743 1921 2774 eid.
1938 2743 2076 2775 Tedisio
2090 2744 2312 2784 praetendenti
2327 2744 2373 2776 id.

773 2797 923 2826 castrum
944 2796 985 2827 ad
1001 2804 1098 2827 suam
1114 2796 1193 2827 6001.
1211 2796 1393 2835 pertinere.
1413 2795 1465 2837 (V.
1486 2797 1536 2834 70,
1555 2805 1608 2835 ep.
1627 2796 1713 2836 762.)

820 2846 955 2879 11380.
970 2867 1008 2871 —
1022 2849 1108 2890 Ep.o
1130 2849 1293 2880 Ver-cellen.
1312 2850 1424 2880 mand.
1442 2850 1479 2880 ut
1495 2849 1560 2880 eid.
1579 2849 1767 2881 marchioni
1777 2850 1946 2889 Justitiam
1961 2850 2063 2882 faciat
2077 2850 2114 2882 in
2126 2859 2165 2883 eo
2179 2851 2270 2891 quod
2277 2860 2375 2891 ep.us
2409 2846 2412 2850 ’

774 2902 934 2941 Yporien.
949 2902 1181 2942 juramentum
1197 2903 1373 2934 fidelitatis
1390 2902 1431 2934 ab
1449 2903 1522 2934 eod.
1541 2903 1672 2934 ratione
1688 2903 1868 2935 feudorum
1884 2904 1964 2935 6001.
1983 2904 2145 2944 Yporien.
2162 2904 2312 2936 debitum
2327 2913 2378 2936 re·

775 2955 886 2994 cipere
905 2957 938 2987 et
952 2956 992 2987 de
1008 2956 1095 2996 ipsis
1107 2956 1218 2987 feudis
1240 2956 1403 2987 investire
1420 2956 1632 2988 contradicit.
1655 2956 1709 2997 (V.
1736 2958 1785 2994 70,
1803 2966 1855 2997 ep.
1876 2956 1963 2997 763.)
