2566 3562
278 402 379 428 natum
396 396 579 430 Avenione.

315 770 354 796 26
371 777 432 796 nov.
456 768 544 796 1320.

321 819 363 847 (v1
384 814 442 841 kal.
461 815 536 845 dec.)

314 930 353 957 27
371 937 434 956 nov.
455 927 543 956 1320.

332 973 363 1008 (v
377 973 436 1000 kal.
452 972 527 1008 dec.)

396 1248 430 1275 Ut
451 1256 474 1275 S.

395 1567 431 1595 Ut
451 1575 475 1594 s.

397 1674 431 1701 Ut
453 1682 476 1701 S.

396 1835 427 1861 Ut
450 1842 473 1860 s,

399 1941 430 1968 U
454 1949 477 1967 s.

322 2261 361 2289 28
382 2268 445 2287 nov.
464 2259 552 2287 1320.

331 2305 374 2339 (iv
386 2304 445 2331 kal.
467 2304 542 2335 dec.)

405 2472 438 2499 Ut
459 2480 483 2498 s.

271 2740 289 2766 4
303 2742 336 2774 (ιι
354 2738 435 2769 non.)
452 2737 509 2765 dec.
527 2736 604 2764 4320

408 3004 441 3031 Ut
461 3011 484 3030 s.

652 310 826 340 JOANNIS
850 309 969 340 PAPAE
991 309 1092 339 XXII.
1117 310 1367 349 (1316-1334).
1391 327 1429 331 —
1451 309 1638 339 LITTEHAE
1662 309 1712 339 DE
1735 309 1861 341 CURIA
2216 314 2277 345 359

672 500 712 531 de
735 500 989 537 Monteferetro,
1007 508 1046 530 ac
1069 499 1251 530 consilium
1270 501 1302 530 et
1327 507 1506 530 commune
1524 499 1738 536 Urbinaten.‚
1762 500 1853 532 Eccl.
1872 501 2035 533 Romanae
2059 502 2215 534 rebelles.
2236 521 2276 526 —-

671 554 697 584 Ι.
712 562 741 585 e.
762 562 805 584 m.
836 553 1007 592 archiep.o
1034 553 1287 588 Ravennaten.;
1313 553 1468 584 Guittoni
1498 561 1574 592 ep.o
1607 553 1824 591 Urbevetan„
1852 554 2056 586 Patrimonii
2072 555 2106 586 b.
2126 556 2218 587 Petri
2241 556 2278 587 in

671 606 795 638 Tuscia
814 606 936 637 rectori
948 615 957 642 3
985 606 1174 636 Bertrando
1199 608 1239 636 tt.
1264 614 1292 636 s.
1310 605 1463 636 Marcelli
1492 605 1606 644 presb.
1636 607 1740 642 card„
1769 608 1809 637 A.
1827 607 1860 638 S.
1884 607 1994 647 legato
2006 618 2016 644 3
2034 609 2217 648 Aymerico
2235 609 2276 640 de

671 659 875 691 Castrolucii
900 659 1083 698 provinciae
1103 658 1338 690 Romandiolae
1362 658 1503 695 rectori3
1531 667 1618 698 mag.
1643 659 1828 691 Guillelmo
1846 661 1886 691 de
1906 661 2045 692 Balaeto
2062 661 2154 693 civit.
2172 663 2278 693 Bene·

672 715 806 744 venian.
826 713 960 743 rectori.
977 714 1028 750 (A.
1053 714 1100 748 14,
1119 712 1143 742 s.
1159 713 1220 743 490
1241 717 1271 747 ⁸3
1295 711 1331 742 V.
1350 713 1400 749 71,
1419 720 1471 750 ep.
1491 712 1531 743 98
1548 711 1585 742 de
1599 715 1677 749 cur.)

716 765 727 776 '
750 762 885 795 14204.
906 782 943 787 -
960 764 1080 796 Amelio
1099 774 1200 804 praep.
1227 763 1430 798 Bellimonta's,
1451 765 1573 801 rectori,
1598 770 1627 795 et
1644 775 1723 805 may.
1744 765 1870 805 Huqoni
1887 767 1992 803 Bovis,
2009 776 2079 797 can.
2106 767 2276 803 Vulteran„

672 819 818 850 Marckiae
832 818 1018 848 Anconitan.
1039 818 1185 853 thesaur„
1204 817 1464 848 committuntur
1482 818 1714 848 ordinationes
1736 818 1826 849 circa
1843 819 1898 849 off.
1915 820 2067 851 rectoriae
2089 823 2122 851 et
2141 821 2278 852 thesau-

674 872 772 903 rariae
790 871 947 902 Marchiae
962 871 1195 902 Anconitanae.
1208 870 1263 909 (A.
1282 873 1331 906 14,
1346 870 1371 900 f.
1387 871 1447 901 485
1462 869 1494 906 ¹²;
1520 870 1555 900 V.
1573 872 1624 907 71,
1644 879 1696 909 ep.
1716 873 1755 902 92
1773 871 1809 901 de
1826 873 1908 910 cur.)

719 922 852 954 14205.
870 943 907 948 —
925 924 1078 955 Licentia
1090 923 1254 954 redeundi
1271 923 1312 953 ad
1330 923 1458 953 curiam
1477 932 1538 962 pro
1560 933 1642 963 may.
1660 924 1822 963 Aymerico
1842 924 1878 954 de
1898 923 2053 965 Creqollo,
2070 935 2138 956 can.
2159 926 2280 957 Colum-

674 978 784 1015 brien.,
813 986 888 1009 cum
910 977 1125 1008 absolutione
1149 976 1190 1007 ab
1216 976 1271 1007 off.
1290 976 1511 1007 thesaurariae
1533 976 1691 1008 Marchiae
1718 978 1936 1015 Anconitan„
1955 978 2077 1010 Massae
2093 979 2276 1017 Trabariae,

673 1034 772 1063 terrae
801 1040 828 1062 s.
848 1031 999 1071 Agathae,
1031 1039 1069 1061 ac
1087 1030 1179 1061 civit.
1200 1031 1233 1060 et
1255 1030 1379 1069 quond.
1411 1030 1593 1060 comitatus
1622 1029 1755 1066 Urbini,
1773 1031 1862 1070 quod
1878 1033 2014 1071 propter
2043 1032 2279 1063 infirmitatem

673 1093 831 1116 exercere
856 1092 923 1115 non
942 1083 1096 1121 valebat;
1120 1083 1155 1114 in
1179 1083 1244 1114 isto
1269 1083 1323 1114 off.
1346 1082 1551 1122 subrogatur
1571 1084 1601 1114 ei
1629 1092 1718 1123 mag.
1739 1084 1838 1123 Hugo
1860 1085 1974 1122 Bovis,
1994 1093 2069 1116 can.
2087 1085 2279 1123 Vulteran.,

674 1138 727 1169 cui
746 1138 863 1169 reddat
879 1139 1074 1177 computum
1093 1137 1134 1168 de
1151 1136 1258 1176 gestis
1273 1145 1333 1176 per
1351 1145 1429 1167 eum
1447 1136 1483 1167 in
1501 1136 1613 1168 officio
1630 1137 1836 1176 supradicto.
1857 1138 1909 1178 (A.
1930 1140 1979 1173 14,
1996 1138 2019 1168 f.
2038 1140 2098 1170 484
2114 1138 2146 1176 b,
2176 1138 2208 1169 V.
2229 1141 2280 1177 71,

675 1201 727 1231 ep.
748 1192 788 1223 89
803 1191 840 1222 de
854 1192 933 1229 cur.)

722 1242 856 1274 14206.
875 1262 913 1267 —-
926 1244 1045 1275 Amelio
1055 1253 1153 1284 praep.
1164 1242 1372 1280 Bellimontis,
1388 1243 1456 1274 ΡΡ.
1475 1253 1558 1284 cap.‚
1572 1244 1696 1282 rectori,
1710 1249 1738 1274 el
1755 1254 1836 1285 may.
1854 1244 1981 1285 Huqoni
1989 1244 2095 1281 Bovis,
2114 1255 2182 1275 can.
2207 1244 2282 1276 Vul-

677 1303 786 1335 tcran.,
801 1298 832 1328 in
848 1297 989 1328 Marc-hia
1005 1297 1207 1334 Ana-onium„
1223 1297 1325 1328 Massa
1345 1296 1373 1327 T
1369 1296 1507 1334 robaria,
1524 1301 1608 1327 terra
1623 1307 1646 1327 s.
1663 1298 1687 1328 A
1693 1297 1799 1337 qatka,
1816 1308 1851 1328 ac
1867 1298 1950 1328 civit.
1970 1303 1999 1328 et
2010 1298 2125 1339 quand.
2138 1299 2284 1329 comitatu

676 1358 703 1382 et
722 1351 864 1382 districtu
887 1350 997 1381 Urbini
1019 1350 1151 1381 thesaur.
1177 1351 1329 1390 potestas
1348 1359 1441 1381 conc.
1461 1351 1685 1390 componendi
1700 1359 1803 1390 super
1822 1352 1973 1387 mulctis,
1996 1352 2284 1383 condemnationi-

675 1405 740 1436 bus
757 1414 794 1436 ac
813 1405 995 1436 sententiis
1010 1413 1071 1443 per
1083 1404 1211 1435 dictum
1229 1405 1395 1435 rectorem
1410 1404 1492 1435 latis
1509 1405 1626 1435 contra
1642 1404 1760 1435 fideles
1774 1404 1872 1436 dictae
1884 1405 2185 1442 Marchiae‚Massae
2202 1406 2283 1437 Tra·

677 1458 793 1495 bariae‚
812 1461 911 1489 terrae
929 1467 956 1489 s.
975 1457 1114 1497 Agathae
1133 1466 1171 1488 ac
1187 1457 1280 1488 civit.
1300 1459 1332 1488 et
1349 1457 1474 1497 quond.
1491 1457 1674 1488 comitatus
1690 1466 1728 1488 ac
1750 1458 1927 1489 districtus
1943 1458 2076 1496 Urbini,
2096 1458 2284 1490 rebellibus

676 1511 836 1551 exceptis.
856 1512 911 1551 (A.
931 1513 979 1548 14,
996 1511 1019 1542 f.
1038 1511 1096 1542 484
1114 1510 1148 1546 Β,
1177 1510 1209 1540 V.
1231 1512 1281 1545 71,
1298 1519 1350 1550 ep.
1372 1512 1412 1542 90
1427 1510 1463 1540 de
1480 1510 1560 1550 cur.)

723 1562 858 1594 14207.
881 1581 919 1587 -
934 1565 1080 1596 Securus
1104 1564 1291 1595 conductus
1311 1574 1369 1605 pro
1393 1563 1549 1595 moaediclo
1568 1574 1651 1604 may.
1673 1564 1837 1605 Aymerico
1860 1564 1896 1595 de
1917 1564 2058 1606 Creyollo
2078 1566 2118 1596 de
2134 1565 2284 1597 Marchia

676 1619 877 1650 Anconitan.
895 1618 1054 1649 redeunte
1073 1618 1114 1648 ad
1133 1618 1166 1649 S.
1187 1619 1228 1648 A.
1247 1617 1301 1658 (A.
1320 1619 1370 1655 14,
1391 1618 1415 1648 f.
1431 1619 1491 1649 485
1509 1623 1543 1655 ³3
1565 1617 1599 1648 V.
1618 1619 1666 1653 71,
1684 1627 1735 1657 ep.
1757 1620 1792 1649 91
1814 1617 1850 1648 de
1867 1621 1944 1658 cur.)

724 1669 859 1700 14208.
882 1689 918 1694 --
935 1670 1016 1712 May.
1044 1670 1207 1702 Bernardo
1224 1670 1261 1701 de
1276 1670 1521 1706 Montevalrano‚
1541 1671 1663 1701 archid.
1677 1670 1843 1701 Sicaloniae
1858 1672 1890 1701 in
1907 1671 1978 1703 eccl.
1996 1672 2183 1710 Bituricen.‚
2196 1673 2235 1703 A.
2248 1672 2282 1703 S.

679 1726 798 1759 nuntio,
817 1725 930 1756 mand.
952 1727 989 1756 ut
1005 1725 1119 1764 exigat
1135 1724 1244 1764 legata
1261 1726 1293 1755 et
1309 1732 1428 1755 omnes
1443 1724 1607 1764 pecunias
1623 1724 1797 1764 depositas
1814 1725 1847 1755 in
1862 1734 1964 1764 regno
1979 1726 2092 1757 Daciae
2108 1735 2169 1765 pro
2183 1726 2224 1757 R.
2244 1726 2283 1758 E.

679 1788 782 1819 penes
805 1787 1050 1818 quoscumque.
1069 1778 1120 1815 (A.
1137 1779 1186 1813 14,
1204 1778 1227 1808 f.
1240 1778 1301 1809 486
1317 1783 1352 1815 ³3
1377 1777 1410 1808 V.
1429 1780 1478 1815 71,
1497 1786 1549 1817 ep.
1566 1779 1605 1809 93
1623 1778 1661 1808 de
1678 1780 1757 1816 cur.)

726 1829 862 1861 14209.
881 1850 915 1854 -
934 1832 1081 1862 Securus
1095 1831 1280 1862 conductus
1296 1839 1357 1870 pro
1375 1840 1455 1871 may.
1470 1830 1603 1871 Huqone
1626 1831 1719 1861 Bovis
1735 1832 1776 1862 ad
1795 1832 1979 1863 Marchiam
1996 1833 2213 1869 Anconitan.‚
2231 1841 2287 1863 cu-

677 1887 732 1925 jus
750 1888 801 1916 est
816 1886 980 1921 thesaur.,
999 1885 1183 1915 accedenti.
1200 1884 1254 1923 (A.
1274 1885 1322 1920 14,
1339 1884 1363 1915 f.
1380 1885 1440 1915 486
1457 1890 1491 1920 ἃς
1513 1884 1549 1915 V.
1567 1887 1616 1920 71,
1634 1894 1686 1924 ep.
1704 1886 1743 1916 94
1758 1885 1794 1915 de
1809 1886 1888 1924 cur.)

727 1936 864 1969 14210.
882 1957 919 1961 -
938 1938 1122 1977 Deputatio
1136 1947 1217 1978 may.
1238 1937 1378 1978 Huyonz's
1397 1938 1500 1974 Bovis,
1518 1948 1585 1968 can.
1610 1937 1785 1975 Valeas-an„
1801 1939 1834 1969 in
1853 1939 2104 1970 thesaurarium
2129 1939 2286 1970 Marchiae

680 1994 913 2029 Ancoffltanae,
932 1992 1052 2022 Massae
1073 1991 1259 2027 Trabariae‚
1273 1993 1372 2022 terrae
1389 2000 1416 2022 s.
1433 1991 1582 2031 Agathae,
1596 1992 1688 2022 civit.
1706 1993 1738 2023 et
1754 1993 1879 2031 quond.
1896 1993 2078 2023 comitatus
2097 2001 2135 2024 ac
2151 1993 2285 2024 distric-

682 2049 738 2077 tus
758 2046 892 2082 Urbini,
913 2046 951 2076 E.
966 2045 1008 2076 R.
1027 2044 1270 2084 subJectorum‚
1289 2045 1380 2084 quod
1396 2045 1534 2084 quidem
1553 2045 1607 2076 off.
1632 2045 1836 2076 thesaurarii
1854 2055 1914 2084 per
1931 2046 2181 2077 revocationem
2196 2054 2284 2086 mag.

683 2100 856 2139 Aymerici
881 2099 921 2129 de
944 2098 1112 2138 Creg0110‚
1134 2107 1207 2129 can.
1234 2098 1480 2135 Columbrien„
1498 2099 1539 2129 ad
1564 2098 1674 2137 ipsius
1699 2099 1898 2129 instantiam
1915 2099 2051 2137 factam,
2069 2101 2190 2136 vacat3
2210 2108 2286 2131 cum

682 2153 915 2193 assignatione
940 2154 1014 2183 octo
1033 2154 1099 2183 tur.
1118 2160 1316 2191 grossorum
1345 2152 1386 2182 de
1414 2154 1552 2191 argento
1582 2152 1727 2191 singulis
1757 2151 1878 2183 diebus
1906 2160 1966 2191 pro
1997 2151 2134 2182 salario.
2154 2152 2208 2190 (A.
2236 2153 2285 2187 14,

682 2207 704 2237 t'.
721 2208 781 2238 412
796 2211 828 2239 ⁸:
854 2205 889 2236 V.
911 2207 960 2242 71,
981 2214 1033 2245 ep.
1051 2206 1105 2235 101
1129 2204 1165 2235 de
1184 2204 1267 2244 cur.)

728 2256 861 2288 14211.
880 2276 919 2281 -——
935 2258 1124 2295 Bertrando,
1142 2263 1178 2289 tt.
1195 2268 1220 2289 s.
1240 2257 1381 2288 Marcelli
1396 2257 1499 2298 presb.
1512 2257 1612 2294 card„
1631 2258 1671 2288 A.
1686 2257 1720 2288 S.
1739 2258 1852 2297 leqato,
1870 2258 1982 2289 mand.
1999 2259 2034 2289 ut
2049 2258 2198 2298 publicet
2212 2267 2288 2297 pro·

682 2322 799 2344 cessus
814 2315 846 2343 et
862 2312 1048 2343 sententias
1065 2320 1196 2343 excom.
1209 2312 1241 2342 et
1256 2311 1428 2342 interdicti
1444 2311 1531 2342 latas
1548 2314 1665 2342 contra
1683 2312 1899 2351 Raynaldum
1911 2312 2037 2342 dictum
2052 2312 2287 2349 Passarinum,

683 2367 752 2405 qui,
789 2365 1010 2396 monitionem
1042 2367 1151 2404 apost.
1171 2366 1401 2400 contemnens,
1431 2365 1548 2395 vicarii
1580 2365 1720 2404 Imperii
1749 2374 1871 2395 nomen
1899 2366 1934 2395 in
1957 2365 2093 2396 civitate
2113 2365 2285 2396 Mantuan.

683 2417 811 2456 absque
828 2418 862 2449 S.
882 2420 922 2449 A.
941 2418 1077 2448 licentia
1093 2417 1271 2448 retinebat.
1291 2418 1343 2456 (A.
1359 2419 1408 2452 14,
1429 2418 1451 2448 f.
1470 2419 1530 2449 493
1546 2417 1580 2454 b,
1604 2417 1640 2448 V.
1659 2419 1708 2452 71,
1731 2427 1784 2457 ep.
1802 2420 1841 2449 99
1857 2419 1897 2455 A,
1916 2417 1951 2448 de
1965 2419 2045 2456 cur.)

729 2468 865 2500 14212.
886 2488 923 2493 -
940 2471 1112 2501 Bononien.
1131 2476 1158 2500 ec
1184 2470 1295 2511 Βορέῃ.
1313 2463 1393 2511 ερ’.ι“ε
1410 2471 1522 2501 mand.
1542 2473 1579 2501 ut
1597 2470 1769 2509 publicent
1785 2480 1965 2510 processus
1980 2475 2012 2502 et
2028 2471 2216 2502 sententias
2230 2480 2289 2502 ex-

685 2533 771 2555 com.
791 2528 823 2554 et
854 2524 1026 2554 interdicti
1050 2523 1138 2554 latas
1160 2525 1276 2554 contra
1302 2524 1428 2555 Canem
1445 2524 1485 2553 de
1502 2524 1535 2553 la
1550 2523 1648 2554 Scala
1665 2524 1723 2562 qui
1741 2524 1774 2554 in
1794 2524 1886 2554 civit.
1902 2525 2069 2555 Veronen.
2087 2524 2204 2555 vicarii
2224 2524 2291 2555 Im-

685 2578 771 2617 perii
789 2586 910 2609 nomen
930 2576 1058 2615 absque
1076 2576 1109 2607 S.
1127 2577 1169 2607 A.
1187 2576 1323 2607 licentia
1337 2575 1504 2606 retinebat
1520 2578 1636 2607 contra
1653 2585 1851 2615 expressam
1869 2577 2039 2615 pontificis
2054 2577 2289 2614 monitionem,

684 2633 717 2662 et
734 2639 852 2661 omnes
872 2630 902 2661 ei
922 2630 1133 2660 adhaerentes
1148 2630 1181 2660 et
1196 2629 1364 2668 praecipue
1378 2630 1581 2668 potestatem
1600 2638 1637 2659 ac
1654 2629 1818 2660 officiales
1838 2629 1995 2660 Parmen.
2007 2629 2065 2668 qui
2079 2629 2146 2668 ipsi
2162 2632 2291 2661 certum

685 2684 838 2723 equitum
865 2685 1074 2714 armatorum
1098 2681 1291 2713 subsidium
1310 2682 1535 2713 destinarunt.
1554 2682 1607 2722 (A.
1631 2683 1680 2718 14,
1699 2682 1720 2712 f.
1740 2683 1799 2713 496
1815 2687 1845 2717 8,
1872 2682 1902 2712 V.
1922 2684 1970 2717 71,
1989 2691 2041 2721 ep.
2060 2684 2099 2713 99
2114 2683 2141 2713 Β
2159 2682 2196 2713 de
2211 2685 2290 2720 cur.)

732 2734 868 2766 14213.
890 2754 928 2759 --
943 2736 1056 2767 Mand.
1081 2734 1243 2766 Guillelmo
1257 2744 1326 2775 ep.o
1344 2734 1506 2772 sabinen„
1524 2734 1565 2765 A.
1583 2734 1618 2765 S.
1637 2734 1749 2774 leqato,
1768 2737 1804 2765 ut
1821 2726 2004 2774 compellat
2021 2735 2144 2766 fratres
2159 2735 2292 2767 militiae

686 2800 714 2822 s.
731 2790 848 2822 Jacobi
875 2792 907 2821 et
932 2789 1145 2821 Calatraven.
1163 2797 1201 2819 ac
1219 2788 1259 2820 de
1276 2788 1461 2820 Alcantara
1482 2788 1696 2828 aliorumque
1714 2788 1938 2819 militantium
1957 2789 2028 2819 ord.
2051 2788 2140 2819 infra
2157 2797 2227 2820 suae
2246 2789 2292 2820 le-

687 2843 836 2884 gationis
863 2843 1050 2874 terminum
1075 2842 1336 2873 consistentium
1359 2841 1401 2872 ad
1429 2841 1645 2872 retinendum
1675 2842 1724 2872 tot
1741 2841 1875 2881 equites
1902 2842 2008 2872 armis
2031 2843 2063 2873 et
2092 2842 2190 2881 equis
2208 2841 2293 2874 bene

687 2897 839 2928 munitos
871 2896 911 2927 de
941 2895 1104 2927 fratribus
1136 2894 1334 2927 eorumdem
1364 2894 1436 2926 ord.
1455 2894 1545 2934 quod
1572 2896 1731 2934 poterunt
1760 2894 1794 2926 in
1828 2894 1991 2926 fronteria
2015 2895 2293 2927 sarracenorum.

687 2950 741 2991 (A.
759 2951 807 2986 14,
823 2949 846 2980 f.
860 2950 920 2980 412
934 2954 969 2985 ξι;
992 2948 1025 2979 V.
1046 2950 1096 2986 71,
1113 2956 1166 2988 ep.
1184 2948 1243 2980 100
1257 2947 1294 2979 de
1307 2951 1387 2985 cur.)

736 2997 869 3030 14214.
895 3018 934 3023 -
955 2999 1068 3030 Eidem
1094 2999 1208 3031 mand.
1227 3001 1263 3030 ut
1285 2998 1473 3039 majoribus
1497 3000 1529 3030 et
1555 2998 1633 3030 aliis
1659 2999 1699 3030 de
1717 2999 1895 3030 ordinibus
1927 2999 2058 3031 militiae
2082 3008 2109 3030 s.
2127 2999 2247 3031 Jacobi
2263 3002 2296 3032 et
