2566 3562
293 305 354 337 352

323 393 427 421 natum
445 387 630 422 Avenione.

330 656 344 683 ι
366 654 450 690 (kal.)
464 657 518 683 σοι.
538 653 626 683 1320.

436 1030 474 1058 Ut
493 1039 518 1059 s.

431 1350 468 1379 Ut
488 1358 514 1380 s.

431 1670 469 1699 Ut
484 1679 509 1700 s.

424 1992 462 2020 Ut
485 2001 509 2021 s.

429 2152 465 2181 Ut
481 2137 506 2181 s:

425 2526 462 2555 Ut
474 2535 500 2557 s,

423 2955 459 2984 Ut
479 2964 504 2985 s.

1864 0 1870 10 ῃ
1909 0 2166 14 ,Quaenam-*vruoffiqo-v„

710 301 884 334 JOANNIS
907 301 1026 333 PAPAE
1048 302 1151 334 XXII.
1174 302 1424 344 (1316-1334).
1448 320 1486 326 —
1508 303 1695 335 LITTERAE
1718 303 1770 335 DE
1792 303 1916 338 CURIA

721 493 847 534 quond.
865 493 1059 531 Gonzolini,
1078 493 1151 526 mil.
1171 493 1370 534 Auximan.,
1388 495 1427 526 E.
1445 494 1487 527 R.
1515 494 1674 533 rebelles,
1697 495 1833 536 tempus
1857 495 1903 527 sit
1926 495 2092 537 elapsum,
2116 497 2198 530 illos
2218 498 2330 531 incur·

722 547 809 578 risse
824 547 1012 579 sententias
1026 548 1201 579 contentas
1216 548 1252 579 in
1266 547 1485 588 processibus
1500 548 1588 588 ipsis
1600 548 1781 580 denunciet
1798 557 1925 590 eosque
1941 557 1961 581 a
1975 549 2135 582 fidelibus
2151 550 2253 584 faciat
2263 560 2333 584 arc-

721 600 791 632 tius
806 600 928 632 evitari
944 602 977 632 et
992 600 1169 632 rescribat.
1186 601 1240 641 (A.
1259 603 1308 639 14,
1329 601 1352 632 f.
1368 602 1430 634 460
1443 606 1473 639 ¹3
1493 600 1527 632 V.
1547 603 1598 639 71,
1618 610 1671 641 ep.
1691 603 1727 633 21
1747 601 1785 633 de
1803 603 1887 641 cur.)

768 655 778 666 “
801 650 939 684 14121.
957 671 995 677 -
1011 653 1172 685 Guillelmo
1185 654 1264 685 Bort
1278 659 1307 685 et
1322 653 1451 686 Homini
1465 653 1580 696 quand.
1598 654 1757 696 Raynatde·
1769 654 1807 686 de
1821 653 1916 686 AEn‘o
1934 656 2080 697 spiritum
2093 656 2214 688 consilii
2230 658 2332 690 sanio-

721 708 776 738 ris.
793 707 948 739 Citantur
963 708 1001 739 ut
1014 707 1172 739 Marchiae
1184 708 1388 740 Anconitan.
1407 707 1567 746 rebelles,
1583 717 1675 747 nam,
1693 708 1793 750 plura
1807 710 1921 741 castra
1933 709 2042 750 ejrisd.
2060 710 2219 744 Marchioe
2234 719 2331 744 occu·

721 764 840 802 pantes
858 769 964 801 eaque
979 761 1136 793 incendio
1153 763 1420 800 concremantes,
1435 761 1563 794 ibidem
1576 762 1677 803 Juxta
1694 762 1805 794 Sacrae
1821 762 2006 803 Scripturae
2023 763 2129 796 verba
2144 774 2163 796 α
2179 764 2330 806 mingen-

720 815 790 846 tem
805 814 848 846 ad
863 814 1030 854 parietem
1052 814 1172 846 rabida
1184 822 1304 846 eorum
1328 823 1396 847 non
1410 814 1544 846 dimisit
1568 823 1603 853 »3
1626 816 1676 852 ut,
1695 815 1726 847 si
1742 815 1832 847 infra
1853 824 2008 848 mensem
2023 816 2115 849 dicta
2137 819 2249 850 castra
2264 826 2332 850 non

720 867 945 905 restituerint,
966 867 1056 899 infra
1072 868 1159 900 alios
1174 869 1215 900 30
1229 867 1304 900 dies
1323 870 1436 909 apost.
1454 869 1651 909 conspectui
1675 877 1712 900 se
1729 870 1945 910 praesentent.
1963 869 2160 910 Sequuntur
2175 879 2281 911 poenae
2297 873 2332 904 et

720 921 897 953 sententiae
921 922 1038 953 contra
1063 929 1122 953 eos
1141 921 1279 962 quibus,
1302 930 1344 953 ne
1365 922 1516 954 citationi
1541 922 1700 960 illudant,
1727 922 1926 962 providetur
1947 923 1988 955 de
2012 931 2131 956 securo
2150 923 2329 957 conductu.

722 975 773 1012 (Α.
792 977 842 1012 14,
859 974 882 1006 f.
897 976 955 1007 461
975 974 1006 1012 ι’;
1028 974 1064 1007 V.
1084 976 1133 1012 71,
1151 983 1204 1015 ep.
1222 975 1262 1006 22
1277 974 1314 1006 de
1335 977 1415 1015 cur.)

765 1028 776 1039 ·
800 1025 935 1058 14122.
955 1045 994 1050 -
1009 1028 1155 1060 Marchiae
1169 1029 1358 1060 Anconitan.
1380 1029 1493 1059 rectori
1507 1029 1621 1060 mand.
1643 1030 1692 1066 ut,
1714 1029 1745 1060 si
1769 1030 1906 1070 tempus
1923 1038 2146 1070 processuum
2163 1030 2331 1064 factorum

719 1083 836 1114 contra
851 1082 1024 1114 Chiricum
1041 1081 1230 1119 Guillelmi,
1245 1082 1396 1122 priorem
1412 1082 1584 1122 prioratus
1595 1091 1625 1113 s.
1638 1082 1814 1114 Benedicti
1827 1083 1940 1115 AEsin.
1954 1083 2015 1119 di.‚
2029 1085 2064 1116 et
2078 1084 2225 1116 Lonium
2238 1084 2333 1126 Ray·

719 1135 812 1167 naldi
828 1136 869 1167 de
885 1135 993 1173 AEsio,
1014 1136 1048 1166 et
1064 1135 1230 1176 quasdam
1254 1135 1517 1167 communitates
1537 1137 1727 1167 castrorum
1750 1138 1848 1168 terrae
1867 1145 1897 1168 s.
1919 1136 2051 1173 Quirici
2067 1138 2101 1169 et
2119 1138 2271 1174 Rosorae‚
2287 1138 2331 1170 ad

718 1190 757 1221 E.
777 1189 971 1228 R.'pertin.‚
986 1190 1019 1220 et
1035 1189 1279 1220 universitates
1296 1197 1482 1229 eorumque
1502 1197 1666 1229 sequaces
1683 1189 1728 1221 sit
1743 1189 1912 1229 elapsum,
1928 1189 2110 1222 denunciet
2126 1190 2206 1223 illos
2220 1191 2333 1224 incur·

719 1243 807 1274 risse
830 1242 1018 1274 sententias
1044 1243 1220 1274 contentas
1238 1242 1273 1272 in
1295 1241 1346 1273 eis
1362 1242 1525 1282 ipsosque
1543 1242 1645 1274 faciat
1663 1251 1683 1274 a
1698 1242 1858 1274 fidelibus
1877 1243 2005 1276 arctius
2021 1244 2145 1276 evitari
2161 1245 2195 1277 et
2210 1245 2332 1278 rescri-

718 1296 786 1328 bat.
808 1295 860 1335 (A.
881 1297 930 1333 14,
947 1295 970 1326 f.
985 1297 1046 1327 414
1064 1300 1092 1333 ²3
1122 1295 1157 1326 V.
1173 1297 1223 1333 71,
1243 1304 1294 1336 ep.
1309 1296 1348 1327 23
1364 1295 1401 1326 de
1417 1298 1498 1335 cur.)

764 1349 776 1360 ‘
799 1346 936 1379 14123.
952 1367 990 1373 --
1006 1348 1082 1379 Eid.
1099 1348 1212 1380 mand.
1227 1350 1264 1380 ut
1279 1348 1430 1389 publicet
1446 1348 1635 1381 sententias
1653 1357 1783 1381 excom.
1802 1350 1836 1381 et
1851 1349 2024 1382 interdicti
2043 1350 2231 1383 incurrisse
2247 1351 2332 1384 Bur·

719 1403 845 1435 donum
863 1404 894 1434 et
908 1402 1082 1435 Galiotum
1099 1402 1306 1434 Anselmotii
1321 1402 1362 1434 de
1381 1402 1556 1439 sinirello,
1575 1402 1710 1440 fratres,
1727 1402 1835 1435 laicos
1851 1403 2002 1436 Firman.
2019 1403 2079 1443 di.‚
2097 1405 2158 1445 qui
2173 1404 2331 1438 roccham

718 1457 893 1495 Mirandae,
916 1456 952 1487 in
973 1455 1138 1487 comitatu
1152 1455 1285 1488 Sabinae
1300 1456 1533 1494 constitutam,
1557 1455 1598 1488 de
1616 1457 1655 1488 E.
1677 1457 1719 1489 R.
1740 1456 1882 1497 speciali
1898 1457 2070 1496 domanio,
2092 1458 2331 1492 communitati

717 1510 895 1547 Narnien.‚
918 1511 1054 1550 recepta
1077 1509 1232 1550 pecunia,
1255 1509 1496 1547 tradiderunt3
1524 1511 1674 1542 castrum
1700 1510 1978 1549 Montisrubiani,
2004 1511 2095 1543 infra
2118 1511 2332 1552 provinciam

718 1564 875 1596 Marchiae
896 1563 1099 1595 Anconitan.
1118 1563 1353 1601 constitutum,
1372 1564 1580 1603 occuparunt
1596 1564 1629 1595 et
1646 1564 1798 1595 castrum
1815 1563 1904 1596 Pirae
1926 1564 2188 1605 depopularunt.
2207 1566 2259 1605 (A.
2278 1567 2329 1602 14,

717 1618 740 1649 f.
754 1619 815 1649 415
831 1617 861 1653 b;
885 1617 921 1649 V.
938 1618 989 1655 71,
1007 1625 1060 1658 ep.
1077 1618 1117 1648 24
1133 1616 1169 1648 de
1185 1617 1265 1658 cur.)

763 1668 898 1700 14124.
917 1690 955 1695 -
972 1671 1087 1703 Mand.
1107 1670 1263 1712 archiep.o
1285 1670 1467 1712 Luqdunen.
1489 1670 1616 1712 ejusque
1635 1671 1842 1712 suffraqaneis
1860 1671 1898 1703 ut
1914 1671 2083 1703 decimam
2108 1672 2329 1705 sexennalem

715 1734 777 1765 pro
793 1725 928 1766 negotio
945 1725 1059 1757 Terrae
1073 1725 1204 1756 Sanctae
1225 1724 1261 1756 in
1276 1724 1431 1756 Concilio
1448 1724 1616 1757 Viennen.
1638 1733 1699 1765 per
1719 1724 1931 1757 Clementem
1947 1725 2014 1757 ΡΡ.
2031 1726 2062 1757 V
2078 1725 2277 1766 impositam
2293 1727 2328 1759 et

715 1779 750 1810 in
767 1787 884 1810 eorum
907 1778 952 1809 di.
970 1778 1073 1810 certis
1090 1787 1132 1810 ex
1150 1777 1264 1809 causis
1282 1778 1397 1819 colligi
1413 1778 1680 1818 praetermissam
1698 1786 1758 1818 per
1776 1787 1838 1810 sex
1854 1786 1962 1810 annos
1984 1778 2141 1819 proxime
2157 1779 2330 1820 complen-

715 1833 777 1863 dos
793 1832 867 1863 sine
884 1832 1086 1863 difficultate
1103 1831 1312 1872 persolvant,
1337 1833 1371 1863 et
1392 1831 1434 1863 ab
1454 1831 1534 1863 aliis
1554 1831 1799 1864 ecclesiasticis
1814 1840 1956 1864 suarum
1973 1831 2066 1864 civit.
2089 1833 2122 1864 et
2144 1832 2190 1864 di.
2212 1841 2274 1874 pro
2289 1841 2330 1865 ea

714 1887 809 1927 parte
836 1895 912 1926 quae
934 1886 975 1917 de
996 1894 1099 1926 regno
1129 1885 1282 1917 Franciae
1311 1894 1378 1917 non
1401 1885 1520 1917 existit
1544 1885 1696 1925 persolvi
1715 1885 1853 1917 faciant.
1877 1885 1931 1926 (A.
1949 1887 1998 1921 14,
2025 1885 2048 1916 f.
2073 1887 2134 1918 464
2158 1891 2188 1924 =;
2219 1885 2257 1918 V.
2278 1888 2329 1925 71,

714 1948 768 1980 ep.
784 1941 824 1971 25
840 1941 868 1971 A
886 1939 922 1970 de
936 1940 1017 1978 cur.)

761 1990 898 2023 14125.
922 2010 961 2015 —
975 1993 1160 2024 Mandatur
1175 1992 1267 2024 idem
1282 1992 1433 2023 universis
1451 1992 1533 2030 abb„
1552 1992 1719 2033 prioribus,
1736 1991 1860 2023 decanis
1871 1997 1928 2024 etc.
1946 1992 2120 2034 caterisque
2130 2002 2215 2034 pers.
2232 1993 2324 2025 eccle-

714 2047 812 2082 siast„
829 2045 1022 2077 saecularibus
1041 2051 1068 2076 et
1083 2045 1291 2086 regularibus,
1305 2055 1363 2086 per
1377 2046 1475 2084 civit„
1493 2045 1536 2076 di.
1552 2050 1580 2076 et
1594 2046 1788 2086 provinciam
1804 2045 1984 2087 Luqdunen.
2001 2046 2187 2077 constitutis.
2203 2046 2254 2085 (A.
2275 2048 2326 2085 14,

715 2100 737 2131 f.
757 2101 818 2131 465
833 2099 862 2136 ¹³3
886 2099 923 2131 V.
940 2101 990 2136 71,
1009 2108 1061 2139 ep.
1079 2101 1118 2130 25
1132 2100 1159 2130 Β
1175 2098 1211 2129 de
1223 2100 1303 2136 cur.)

761 2150 894 2182 14126.
912 2170 952 2175 -
969 2153 1055 2193 Ep.o
1075 2151 1263 2189 Florenffn„
1279 2156 1308 2182 ec
1319 2152 1424 2192 priori
1435 2152 1471 2182 S.
1489 2152 1531 2184 M.
1552 2152 1585 2182 in
1599 2151 1735 2184 Castello
1748 2151 1890 2190 Prolem,
1908 2162 1944 2183 ac
1956 2151 2092 2193 plebano
2109 2151 2210 2193 plebis
2225 2152 2261 2183 S.
2280 2153 2323 2186 M.

713 2205 749 2237 de
769 2205 929 2243 Coloniea,
955 2205 1122 2236 Pistorien.
1150 2205 1209 2243 di.‚
1237 2205 1350 2237 mand.
1374 2206 1411 2236 ut
1433 2204 1475 2236 ab
1498 2214 1574 2245 ep.0
1598 2205 1793 2242 Pistorien.,
1819 2205 1999 2237 collectore
2020 2206 2160 2237 decimae
2180 2214 2242 2246 per
2264 2215 2327 2239 sex

713 2268 819 2291 annos
844 2260 879 2291 in
899 2260 1013 2291 Terrae
1032 2259 1163 2291 Sanctae
1187 2258 1382 2290 subsidium
1406 2259 1494 2290 auct.
1517 2259 1626 2299 apost.
1647 2259 1815 2298 deputatae
1839 2259 1875 2290 in
1896 2258 1988 2290 civit.
2008 2260 2041 2290 et
2059 2259 2106 2290 di.
2125 2259 2323 2298 Pistorien.,

711 2314 850 2354 exigant
866 2313 1064 2353 computum
1086 2312 1299 2344 collectionis
1322 2312 1532 2352 huJusmodi,
1550 2313 1667 2352 petant
1682 2312 1786 2344 etiam
1800 2313 1833 2344 et
1848 2313 2025 2352 assignent
2044 2312 2220 2344 residuum
2236 2314 2325 2354 eJus·

710 2367 785 2398 dem
807 2367 946 2398 decimae
961 2368 994 2398 et
1007 2375 1126 2397 omnes
1142 2366 1305 2406 pecunias
1318 2365 1478 2397 collectas
1494 2365 1771 2406 colligendasque
1788 2365 1892 2398 sociis
1905 2366 1946 2397 de
1961 2366 2123 2398 societate
2137 2366 2328 2398 Bardorum

710 2420 750 2452 de
766 2420 942 2452 Florentia
960 2429 1035 2460 quae
1050 2419 1224 2457 Pontifici,
1250 2420 1292 2451 ad
1313 2419 1387 2460 ejus
1403 2419 1666 2460 beneplacitum,
1690 2419 1911 2451 restituendae
1930 2421 2021 2451 sunt.
2038 2419 2091 2460 (A.
2109 2421 2158 2458 14,
2176 2419 2200 2450 f.
2218 2421 2277 2452 393
2291 2425 2326 2456 ⁸;

716 2473 749 2505 V.
767 2476 818 2512 71,
834 2482 886 2513 ep.
905 2475 945 2506 26
962 2473 999 2504 de
1019 2475 1099 2511 cur.)

756 2524 892 2557 14127.
908 2545 946 2551 —
963 2527 1046 2568 May.
1067 2526 1201 2568 Faydito
1220 2526 1439 2563 Guiraudonis,
1450 2536 1518 2558 can.
1532 2526 1603 2557 eccl.
1618 2525 1656 2557 de
1670 2525 1842 2568 Capdroto,
1856 2525 2015 2558 sarlaten.
2032 2525 2089 2564 di.‚
2107 2526 2173 2557 ΡΡ.
2188 2526 2324 2559 thesaur.

708 2580 741 2611 in
768 2581 962 2612 Patrimom'o
980 2580 1009 2611 b.
1030 2581 1118 2612 Petri
1141 2581 1173 2611 in
1203 2580 1323 2617 Tuscia,
1341 2580 1454 2612 mand.
1472 2581 1510 2612 ut
1525 2580 1664 2621 exigant
1688 2581 1883 2620 computum
1900 2580 2103 2620 supradictae
2128 2580 2268 2612 decimae
2288 2580 2326 2612 in

708 2634 928 2673 Urbevetan.‚
937 2634 1128 2667 Viterbien.
1144 2635 1177 2666 et
1190 2635 1394 2673 Tuscanen.,
1408 2634 1600 2672 Tudertin.,
1613 2634 1762 2671 Reatin,
1774 2633 1953 2671 Narnien.‚
1966 2633 2207 2671 Interamneu,
2221 2634 2321 2665 Ame-

707 2689 803 2726 lien.,
819 2689 963 2727 Sutrin.‚
979 2688 1157 2729 Nepesin.,
1173 2689 1304 2726 Ortan„
1321 2687 1519 2725 castellan„
1536 2687 1780 2728 Balneoregen.
1797 2688 1831 2719 et
1845 2687 1999 2719 Castren.
2019 2686 2110 2718 civit.
2128 2687 2163 2718 et
2178 2686 2240 2725 di.‚
2259 2687 2328 2719 col·

707 2742 802 2774 lectae
818 2742 860 2773 ab
876 2742 964 2783 ep.is
979 2744 1012 2774 et
1026 2742 1068 2774 ab
1081 2742 1156 2773 abb.
1176 2743 1321 2773 monast.
1337 2750 1365 2773 s.
1385 2741 1523 2772 Martini
1537 2741 1572 2772 in
1587 2741 1774 2778 Montibus,
1791 2739 1981 2773 Viterbien.
1998 2741 2031 2772 et
2047 2740 2236 2772 Tuscanen.
2253 2739 2299 2772 di.
2306 2749 2318 2777 ς

707 2797 824 2836 petant
835 2796 939 2827 etiam
951 2796 1130 2827 residuum
1147 2795 1255 2836 ejusd.
1273 2795 1424 2832 decimae,
1438 2795 1472 2826 et
1482 2794 1646 2835 pecunias
1659 2794 1819 2826 collectas
1835 2793 2112 2834 colligendasque
2127 2802 2187 2834 pro
2200 2793 2342 2826 medie-.

707 2850 775 2881 tate
791 2850 981 2881 Bardorum
996 2850 1030 2881 et
1046 2858 1107 2890 pro
1127 2849 1195 2880 alia
1211 2849 1392 2880 medietate
1411 2848 1630 2880 Perutiorum
1643 2847 1685 2879 de
1701 2847 1878 2879 Florentia
1893 2847 2097 2880 societatum
2116 2846 2220 2878 sociis
2237 2846 2326 2878 assi-

709 2903 798 2943 gnet.
817 2903 869 2944 (A.
891 2905 941 2940 14,
961 2903 984 2934 f.
1004 2904 1065 2935 393
1082 2902 1112 2940 b;
1134 2902 1171 2934 V.
1190 2904 1240 2939 71,
1257 2911 1310 2942 ep.
1325 2903 1364 2933 27
1378 2901 1415 2933 de
1430 2902 1510 2941 cur.)

758 2953 895 2986 14128.
913 2975 950 2979 -
963 2956 1169 2988 Constitutio
1181 2965 1241 2996 per
1252 2964 1353 2996 quam
1366 2954 1565 2996 capellania,
1582 2963 1641 2995 per
1649 2954 1849 2986 Pontificem
1862 2953 1897 2985 iu
1909 2953 1990 2986 eccl.
2005 2953 2228 2994 Forojulien.,
2241 2953 2324 2985 olim

714 3011 788 3051 ejus
812 3019 949 3051 sponsa,
966 3010 1030 3042 sub
1049 3009 1280 3051 apostolorum
1301 3009 1468 3050 principis
1486 3007 1650 3041 vocabulo
1666 3007 1861 3046 constituta,
1879 3015 1941 3048 per
1957 3006 2168 3039 sacerdotem
2187 3005 2230 3038 ab
2246 3014 2347 3047 ep.o.
