2626 3568
407 324 448 354 24

441 414 544 441 Datum
568 406 751 442 Avenione.

482 515 524 543 22
542 518 596 542 oct.
616 514 703 542 1319.

485 563 528 595 (m
547 558 605 586 kal.
625 558 703 590 nov.)

525 603 555 630 T.
574 603 654 630 XXX.

554 675 589 702 Ut
610 683 633 702 s.

480 782 521 810 23
541 786 594 810 oct.
617 782 703 810 1319.

484 831 515 863 (x
534 827 593 855 kal.
612 827 692 860 nov.)

552 1050 587 1078 Ut
608 1058 631 1078 s,

549 1318 586 1346 Ut
606 1327 629 1346 s.

548 1424 584 1452 Ut
605 1432 629 1451 s.

525 1469 555 1496 T.
575 1469 646 1497 XVI.

545 1637 582 1665 Ut
602 1646 625 1665 s.

492 1682 522 1710 T.
541 1683 587 1715 x1‚
604 1683 676 1710 Xlll.

472 1850 513 1879 24
531 1855 584 1880 oct.
609 1851 697 1880 1319.

478 1901 520 1933 (ix
535 1897 594 1924 kal.
614 1898 694 1934 nov.)

528 1943 559 1969 T.
574 1942 639 1969 112¹.

546 2067 583 2095 Ut
603 2076 626 2095 s.

512 2334 581 2405 TUt
600 2343 624 2362 s.

537 2379 658 2406 .XXIV.

479 2601 520 2630 25
537 2605 590 2630 oct.
608 2602 697 2631 1319.

470 2647 539 2684 (vm
553 2647 612 2675 kal.
627 2647 706 2684 nov.)

476 2815 517 2843 26
534 2819 587 2844 oct.
607 2816 696 2845 1319.

476 2864 531 2896 (vn
545 2861 604 2888 kal.
623 2861 702 2895 nov.)

807 318 992 350 JOANNES
1016 318 1136 349 PAPAE
1157 317 1260 349 XXII.
1285 319 1537 357 (1316-1334).
1560 336 1599 342 --
1621 317 1808 349 LITTERAE
1831 318 2058 350 COMMUNES
2094 355 2100 362 ι

878 508 1013 540 10524.
1034 529 1074 534 -
1094 511 1215 542 Ioanni
1231 510 1300 542 abb.
1320 510 1470 551 jamdicti
1484 509 1615 551 Major-is
1627 515 1758 541 monast.
1785 510 1813 541 T
1810 521 1937 542 uronen.
1955 519 2049 543 conc.
2066 511 2168 545 facul.
2192 512 2334 545 uniendi
2351 513 2442 545 dicto

831 565 977 596 monast.
1004 564 1179 604 prioratus
1204 564 1245 595 de
1265 572 1292 595 s.
1313 564 1497 596 Laurentio
1516 563 1552 595 in
1573 563 1717 595 Gastina
1731 564 1764 595 et
1784 564 1946 596 Nemoris
1959 565 2201 604 NontoanIae,
2218 566 2391 599 Turonen.
2409 568 2442 599 et

831 618 1011 650 Carnoten.
1027 618 1087 654 di.‚
1099 619 1244 649 monast.
1254 617 1395 658 praefato
1410 617 1593 657 subjectos,
1607 618 1660 657 (90
1671 616 1730 649 lib.
1744 618 1825 655 tur.)
1840 617 1892 657 (A.
1907 619 1957 654 13,
1971 617 1993 649 f.
2008 620 2063 651 761
2074 627 2084 655 ;
2103 618 2136 651 V.
2151 620 2202 658 70,
2212 628 2266 660 ep.
2283 620 2388 661 1600.)

878 669 1013 701 10525.
1039 689 1070 694 -
1097 671 1245 712 Archiep.
1249 682 1266 702 ο
1284 671 1438 703 Turonen.
1462 671 1562 702 facul.
1585 671 1791 703 concedendi
1809 670 2052 703 tabellionatus
2068 672 2124 704 off.
2150 683 2174 704 ι(
2190 673 2270 706 cler
2287 682 2307 705 a
2321 682 2441 714 supra-

830 726 920 758 dicto
936 725 1012 757 abb.
1036 726 1266 758 nominandis.
1281 725 1335 767 (V.
1352 727 1404 762 70,
1422 733 1475 765 ep.
1500 725 1589 757 1612.
1595 724 1607 766 )

877 777 1012 808 10526.
1031 797 1069 803 -
1087 778 1313 810 Bartholomaeo
1324 789 1372 820 ep.
1377 789 1394 810 ο
1410 778 1609 820 Fulqinaten
1623 796 1662 801 —
1676 778 1864 810 Cassantur
1878 778 2002 810 litterae
2015 787 2076 819 per
2091 788 2177 819 quas
2191 780 2285 821 Papa
2299 789 2378 813 eum
2394 781 2441 813 ci·

830 833 897 864 tari
913 834 1133 865 mandaverat
1151 842 1193 865 ex
1219 833 1385 865 relatione
1405 833 1585 873 querelosa
1601 832 1760 864 Rainaldi
1775 831 1815 863 de
1832 840 1860 863 s.
1879 832 2068 870 Arthemia,
2087 842 2160 866 can.
2175 833 2438 875 Petragoricen..

830 887 974 918 ducatus
1002 887 1174 926 Spoletan.
1205 887 1359 925 rectoris,
1380 895 1470 923 nam,
1492 887 1673 927 postquam
1691 886 1733 917 ad
1758 885 1988 917 obedientiam
2005 886 2087 918 dicti
2108 886 2252 919 rectoris
2267 887 2438 927 rediisset,

830 949 1009 972 commune
1025 940 1129 972 etiam
1144 940 1236 972 civit.
1253 940 1423 980 Fulginei‚
1440 940 1477 971 E.
1497 939 1541 972 R.
1559 939 1689 977 fideles,
1709 939 1751 971 ad
1766 939 1891 971 dictam
1907 939 2137 972 obedientiam
2150 940 2298 973 reduxit.
2314 941 2368 982 (A.
2389 943 2439 979 ¹8,

831 994 854 1025 f.
873 996 930 1031 205
952 994 988 1026 V.
1008 996 1057 1031 70,
1077 1003 1128 1034 ep.
1146 995 1211 1033 88.)

877 1045 1011 1078 10527.
1039 1066 1077 1070 —
1099 1046 1182 1088 May.
1200 1046 1268 1078 ord.
1286 1046 1527 1077 Humiliatorum
1543 1045 1715 1078 absolutio
1732 1045 1774 1077 ab
1792 1055 1923 1078 excom.
1941 1047 1974 1078 et
1993 1047 2167 1079 interdicti
2183 1047 2365 1080 sententiis
2378 1056 2440 1088 per

830 1101 1029 1133 collectores
1055 1101 1229 1132 fructuum
1244 1100 1347 1140 primi
1370 1100 1450 1132 anni
1465 1099 1577 1131 benef.
1595 1109 1666 1131 vac.
1690 1101 1808 1132 contra
1824 1100 1939 1140 ipsum
1956 1101 1989 1132 et
2005 1100 2125 1132 domos
2141 1101 2250 1142 ejusd.
2268 1101 2340 1133 ord.
2357 1101 2440 1134 latis

830 1154 872 1187 ob
887 1155 1093 1187 solutionem
1107 1163 1174 1186 non
1186 1154 1311 1186 factam
1324 1154 1477 1186 eorumd.
1492 1153 1681 1190 fructuum;
1696 1162 1788 1185 conc.
1806 1153 1872 1185 eid.
1887 1162 1975 1194 mag.
1993 1153 2094 1185 facul.
2110 1154 2309 1186 absolvendi
2319 1163 2438 1196 praep..

828 1208 989 1248 praelatos
1019 1210 1051 1240 et
1067 1208 1191 1240 fratres
1209 1208 1320 1248 ipsius
1335 1207 1407 1239 ord.
1425 1207 1467 1238 ab
1483 1207 1557 1238 ead.
1576 1215 1707 1238 excom.
1727 1207 1897 1238 sententia
1910 1209 1944 1239 et
1959 1207 2183 1248 dispensandi
2198 1217 2276 1240 cum
2292 1208 2365 1240 illis
2382 1217 2438 1241 su-

829 1271 890 1302 per
902 1262 1156 1303 irregularitate
1173 1262 1203 1293 si
1218 1270 1320 1302 quam
1340 1261 1557 1293 incurrerint.
1589 1261 1643 1300 (A.
1669 1262 1717 1299 13,
1737 1260 1759 1292 f.
1777 1262 1814 1292 61
1832 1260 1862 1297 b3
1891 1261 1928 1292 V.
1947 1263 1997 1296 70,
2021 1270 2074 1302 ep.
2093 1261 2177 1302 115.)

876 1313 1011 1344 10528.
1030 1334 1068 1339 -
1095 1315 1230 1355 Indulg.
1254 1325 1294 1346 Lx
1309 1315 1443 1346 dierum
1460 1314 1682 1346 visitantibus
1697 1313 1778 1346 eccl.
1796 1315 1829 1346 et
1849 1315 1997 1346 oratoria
2019 1315 2199 1347 domorum
2215 1315 2348 1355 praefati
2364 1315 2437 1348 ord.

829 1369 863 1400 in
882 1369 1088 1409 quibusdam
1106 1368 1365 1401 festivitatibus.
1383 1367 1436 1409 (V.
1452 1369 1502 1406 70,
1521 1377 1573 1408 ep.
1590 1367 1674 1407 119.)

875 1420 1011 1453 10529.
1029 1441 1068 1445 -
1083 1423 1190 1454 Priori
1204 1427 1233 1454 et
1250 1432 1337 1454 conv.
1356 1427 1485 1453 monast.
1504 1421 1541 1452 S.
1559 1420 1601 1452 M.
1616 1421 1733 1453 Montis
1752 1420 1888 1462 Vir-ainis
1903 1420 2122 1463 Neapolitan.,
2143 1431 2204 1463 per
2219 1422 2370 1463 priorem
2385 1431 2439 1455 so-

829 1476 883 1508 liti
905 1476 998 1517 gub.,
1019 1477 1059 1509 O.
1083 1477 1118 1509 S.
1135 1477 1187 1514 Β.,
1213 1485 1232 1508 3
1248 1485 1281 1508 n.
1310 1485 1342 1507 v.
1370 1475 1531 1508 Bartholo
1551 1475 1592 1507 de
1609 1475 1736 1515 Capua,
1757 1475 1854 1516 regni
1870 1475 1996 1507 Siciliae
2013 1475 2274 1513 locumtenente,
2292 1476 2438 1515 fundati,

830 1539 923 1562 conc.
954 1531 1175 1571 privilegium
1202 1529 1432 1570 exemptionis
1457 1538 1524 1570 qua
1545 1529 1653 1561 utitur
1680 1530 1828 1561 monast.
1853 1528 1962 1570 eJusd.
1991 1529 2148 1561 vocabuli
2172 1529 2321 1571 dictique
2351 1530 2438 1568 ord.‚

829 1584 1022 1616 Avellinen.
1039 1585 1099 1624 (11.,
1116 1585 1158 1616 3ᾱ
1172 1585 1214 1616 R.
1232 1584 1271 1615 E.
1290 1584 1386 1615 nullo
1402 1583 1514 1615 medio
1532 1583 1656 1623 pertin.
1675 1583 1730 1624 (A.
1749 1585 1798 1621 13,
1815 1583 1838 1615 f.
1857 1585 1895 1615 73
1914 1588 1944 1621 ³3
1968 1582 2002 1614 V.
2021 1584 2071 1622 70,
2086 1591 2139 1624 ep.
2153 1584 2240 1623 253.)

875 1635 1011 1667 10530.
1038 1657 1076 1661 -
1098 1638 1217 1670 Gratia
1241 1646 1337 1677 exsp.
1358 1636 1468 1669 benef.
1486 1646 1513 1668 c.
1532 1646 1560 1668 c.
1577 1637 1632 1668 vel
1650 1645 1678 1668 s.
1700 1646 1728 1668 c.
1746 1636 1781 1667 in
1798 1636 1891 1669 civit.
1908 1636 1963 1668 vel
1984 1636 2030 1669 di.
2046 1636 2247 1674 Placentin.‚
2265 1637 2308 1669 ad
2323 1637 2436 1670 collat.

829 1692 897 1731 ep.i
909 1693 1047 1732 pertin„
1058 1691 1171 1723 Jacobo
1187 1691 1224 1722 de
1242 1691 1437 1722 Lavernasco
1451 1690 1488 1721 de
1499 1690 1699 1728 Guidonibm,
1718 1699 1791 1722 can.
1810 1690 1892 1722 eccl.
1910 1699 1938 1722 s.
1956 1691 2097 1722 Joannis
2114 1690 2155 1722 de
2173 1691 2284 1723 Domo
2299 1691 2439 1724 Placen·

828 1745 888 1777 tin.
916 1763 952 1768 —
968 1746 994 1777 Ι.
1013 1755 1042 1777 e.
1063 1755 1109 1776 m.
1126 1745 1203 1776 abb.
1233 1746 1379 1776 monast.
1401 1754 1429 1776 s.
1459 1744 1614 1785 Sepulcri
1641 1744 1845 1780 Placentia„
1873 1744 1906 1775 et
1924 1753 2028 1784 praep.
2051 1753 2080 1776 s.
2096 1744 2242 1776 Joannis
2263 1745 2305 1777 de
2319 1744 2440 1777 vitulo

828 1799 1077 1838 marchionum,
1095 1799 1283 1831 placentin.
1299 1799 1359 1836 (11.,
1375 1808 1413 1830 30
1430 1798 1557 1830 archid.
1573 1798 1759 1830 Bononien.
1777 1798 1859 1830 eccl.
1877 1797 1930 1837 (Α.
1947 1799 1995 1835 13,
2012 1797 2035 1829 f.
2052 1797 2133 1830 134b
2143 1807 2153 1835 ;
2170 1798 2207 1830 V.
2222 1799 2272 1836 70,
2286 1807 2340 1839 ep.
2353 1798 2440 1839 350.)

876 1850 1011 1882 10531.
1035 1870 1074 1876 —
1090 1852 1259 1890 Ανηαῖάαε,
1278 1861 1352 1884 can.
1373 1853 1518 1883 monast.
1537 1852 1577 1883 de
1597 1851 1747 1891 Capella,
1764 1852 2064 1883 Praemonstraten.
2085 1851 2171 1889 ord.‚
2191 1851 2351 1884 Tolosan.
2377 1851 2438 1889 (11.,

828 1906 866 1937 fit
893 1906 998 1938 abbas
1027 1908 1174 1938 monast.
1205 1907 1245 1938 de
1273 1906 1505 1944 Fontecalido,
1530 1905 1612 1937 dicti
1630 1905 1716 1942 ord.‚
1737 1914 1763 1936 s.
1784 1905 1898 1936 Pontii
1917 1905 2181 1936 Thomeriarum
2209 1905 2270 1944 (11.,
2287 1913 2359 1937 vac.
2377 1913 2439 1946 per

827 1961 1075 2000 promotionem
1087 1961 1107 1991 J
1109 1960 1205 1991 acobi
1221 1960 1263 1991 ad
1278 1959 1450 1991 abbatiam
1462 1959 1616 1999 praedicti
1630 1960 1777 1990 monast.
1795 1959 1835 1989 de
1851 1958 2001 1998 Capella.
2017 1975 2054 1981 —
2068 1959 2096 1990 I.
2111 1967 2140 1990 e.
2158 1967 2204 1990 m.
2217 1967 2314 1991 conv.
2326 1959 2436 2000 ejusd.

829 2015 973 2045 monast.
995 2014 1036 2045 de
1054 2014 1284 2045 Fontecalido.
1302 2013 1356 2054 (A.
1373 2015 1421 2050 13,
1440 2013 1462 2044 f.
1479 2014 1555 2050 2493
1578 2012 1614 2043 V.
1630 2013 1680 2049 70,
1695 2020 1749 2052 ep.
1767 2013 1851 2051 396.)

875 2065 1010 2096 10532.
1030 2084 1068 2088 —
1086 2066 1258 2098 Gisarclen.
1273 2072 1303 2097 et
1317 2077 1341 2096 s.
1357 2067 1452 2098 Justae
1469 2066 1546 2107 ep.is
1560 2076 1596 2096 ac
1613 2065 1728 2097 Jacobo
1741 2065 1777 2096 de
1795 2065 1914 2102 Arceti,
1929 2075 1996 2096 can.
2011 2065 2190 2103 Plovacen.‚
2203 2066 2316 2098 mand.
2336 2066 2375 2098 ut
2390 2066 2439 2098 ci-

826 2121 899 2152 tent
919 2130 1032 2152 coram
1056 2121 1151 2160 Papa
1171 2121 1354 2152 Baldetum
1377 2120 1418 2151 de
1435 2121 1524 2152 Vare
1547 2119 1582 2151 in
1607 2128 1722 2159 ep.um
1744 2119 1860 2150 Pisan-
1885 2119 1921 2150 in
1944 2119 2117 2151 discordia
2130 2128 2290 2151 unacum
2304 2119 2439 2152 Comita

827 2174 973 2214 archipr.
1003 2174 1084 2206 eccl.
1104 2174 1259 2205 Castren.
1280 2175 1336 2211 el.,
1354 2174 1413 2214 qui
1432 2182 1468 2205 se
1484 2173 1526 2205 ab
1543 2173 1714 2213 archiepo
1730 2173 1904 2204 Turritan.
1921 2173 2116 2204 confirmari
2132 2174 2165 2205 et
2179 2173 2372 2205 consecrari
2390 2173 2437 2205 fe-

827 2229 885 2266 cit,
902 2229 981 2259 licet
1000 2228 1046 2259 id.
1073 2228 1206 2259 Comita
1235 2228 1276 2259 ab
1306 2227 1470 2259 electione
1489 2229 1521 2258 et
1543 2227 1798 2258 confirmatione
1828 2226 2023 2267 hujusmodi
2038 2226 2081 2258 ad
2094 2227 2128 2258 S.
2145 2227 2187 2259 A.
2201 2218 2435 2267 appellaverit.

827 2282 881 2322 (V.
901 2283 950 2318 70,
970 2291 1023 2322 ep.
1037 2283 1122 2321 476.)

873 2332 1009 2364 10533.
1029 2354 1068 2358 -
1093 2335 1179 2376 Epo
1194 2335 1376 2368 JBononien.
1397 2335 1511 2366 mand.
1535 2335 1572 2366 ut
1600 2334 1778 2365 confirmet
1795 2334 1848 2365 vel
1874 2333 2025 2365 infirmet
2044 2333 2246 2365 electionem
2262 2333 2436 2374 Venturae,

827 2398 918 2421 mon.
936 2390 1082 2420 monast.
1103 2398 1132 2420 s.
1148 2389 1326 2420 Laurentii
1343 2389 1383 2420 de
1401 2389 1514 2428 Burgo
1533 2388 1746 2426 Cesenaten.,
1765 2387 1804 2420 Ο.
1822 2388 1856 2419 S.
1872 2388 1926 2425 Β.,
1942 2387 1977 2418 in
1993 2387 2069 2418 abb.
2088 2387 2196 2428 eJusd.
2215 2389 2362 2419 monast.
2377 2397 2438 2428 per

828 2442 910 2474 obit.
940 2443 1176 2482 Christophori
1199 2451 1283 2480 vac„
1303 2452 1363 2482 per
1391 2442 1460 2482 ep.i
1480 2442 1678 2473 Cesenaten.
1708 2441 1911 2473 sententiam
1932 2440 2201 2478 cassatamsalio
2218 2441 2438 2480 postmodum

828 2505 933 2533 mon„
958 2496 1089 2527 scilicet
1106 2495 1270 2528 Michaele
1289 2497 1329 2527 de
1347 2496 1438 2527 dicta
1456 2495 1602 2532 abbatia,
1619 2495 1758 2535 proviso
1773 2503 1835 2535 per
1850 2494 2007 2526 eumdem
2022 2503 2148 2534 ep.um.
2170 2494 2222 2533 (Α.
2241 2496 2291 2531 13,
2310 2494 2334 2526 f.
2352 2495 2436 2533 2705

834 2549 870 2581 V.
895 2550 942 2586 70,
956 2558 1008 2589 ep.
1023 2550 1110 2590 495.)

875 2600 1011 2632 10534.
1040 2621 1078 2626 -—
1106 2602 1247 2640 Jacobus,
1268 2602 1345 2634 abb.
1374 2604 1520 2634 monast.
1537 2603 1578 2634 de
1605 2601 1836 2637 Fontecalido,
1853 2602 2152 2633 praemonstraten.
2169 2602 2256 2639 ord.‚
2274 2610 2302 2633 s.
2322 2601 2438 2634 Pontii

829 2656 1089 2689 Thomeriarum
1106 2656 1165 2692 (11.,
1182 2656 1220 2688 fit
1235 2656 1311 2688 abb.
1330 2658 1476 2688 monast.
1496 2657 1536 2688 de
1558 2655 1709 2696 Capella,
1728 2655 1810 2686 dicti
1832 2654 1917 2693 ord.‚
1935 2654 2095 2686 Tolosan.
2115 2655 2175 2694 (11.,
2198 2664 2271 2687 vac.
2290 2664 2351 2696 per
2367 2664 2436 2688 ces·

830 2710 963 2742 sionem
980 2710 1093 2742 Sancii
1109 2710 1149 2741 de
1162 2710 1374 2742 Omerivilla.
1390 2728 1428 2733 -
1443 2710 1469 2741 Ι.
1487 2718 1516 2742 e.
1530 2718 1575 2741 m.
1593 2718 1687 2741 conv.
1704 2708 1786 2740 dicti
1798 2710 1944 2740 monast.
1962 2708 2003 2739 de
2015 2708 2168 2748 Capella.
2189 2709 2241 2748 (A.
2257 2711 2306 2747 13,
2321 2708 2344 2740 f.
2360 2710 2417 2741 181
2424 2718 2435 2748 ;

834 2764 871 2796 V.
887 2765 937 2802 70,
954 2772 1007 2804 ep.
1022 2765 1108 2803 427.)

875 2815 1011 2848 10535.
1029 2834 1069 2840 -
1083 2817 1312 2849 Confirmatur
1329 2817 1447 2849 electio
1463 2815 1635 2858 Reqinaldi,
1656 2825 1746 2847 mon.
1768 2817 1913 2847 monast.
1928 2815 2180 2852 Marcilhacen.,
2197 2816 2236 2848 O.
2253 2816 2288 2848 S.
2306 2816 2358 2854 Β.,
2375 2816 2438 2849 Ca·

828 2872 959 2903 turcen.
978 2871 1038 2909 (11.,
1054 2871 1181 2912 prioris
1193 2870 1334 2911 priorat.
1350 2879 1377 2902 s.
1394 2871 1538 2902 Andreae
1552 2870 1593 2902 de
1608 2869 1719 2908 Valle,
1737 2869 1846 2910 ejusd.
1864 2869 1950 2908 ord.‚
1970 2869 2164 2902 Ruthenen.
2183 2869 2244 2907 (11.,
2258 2870 2336 2910 post
2350 2869 2434 2902 obit.

828 2925 993 2957 Bernardi
1009 2924 1050 2956 ab
1069 2924 1184 2965 aliqua
1201 2925 1297 2964 parte
1322 2933 1417 2955 conv.
1446 2923 1614 2955 celebrata
1632 2923 1722 2963 apud
1739 2923 1840 2963 capit.
1858 2923 2064 2955 cathedralis
2086 2922 2168 2955 eccl.
2186 2922 2375 2961 Caturceu„
2393 2923 2435 2955 ad

829 2988 931 3019 quam
955 2978 1006 3010 uti
1032 2980 1144 3011 tutum
1160 2978 1273 3009 locum
1290 2986 1326 3009 se
1346 2977 1570 3015 contulerant,
1589 2986 1629 3008 ne
1643 2977 1782 3017 propter
1797 2977 1997 3009 violentiam
2018 2976 2243 3017 quorumdam
2265 2976 2435 3008 nobilium

828 3041 974 3072 persona
988 3041 1050 3072 pre
1065 3032 1218 3072 ipsorum
1235 3031 1375 3063 arbitrio
1393 3031 1580 3062 voluntat-is
1595 3031 1630 3062 in
1648 3030 1723 3062 abb.
1742 3031 1924 3071 eligeretur
1930 3040 1940 3068 ;
1957 3029 2164 3062 Bertrandus
2183 3031 2307 3068 autem,
2322 3030 2435 3062 dictus
