2566 3562
469 357 722 388 APPENDICES
745 358 801 388 AD
823 357 1008 395 QUINTUM
1032 359 1225 390 BULLARII
1247 359 1421 391 JOANNIS
1445 360 1535 391 XXII
1558 361 1718 394 ANNUM.
1742 380 1780 385 —
1805 364 2046 405 (1316-1334)
2215 370 2274 399 377

247 700 290 728 22
303 657 489 729 νηεηείευνιηεαίι·
506 702 594 735 1321,

351 746 412 774 ind.
430 747 489 775 IV&

246 1088 350 1116 Datum
373 1087 407 1118 in
424 1087 584 1121 Bacenzs.

303 1138 344 1165 24
361 1141 428 1166 maii
447 1139 535 1167 1321.

311 1184 353 1218 (ix
372 1183 432 1211 kal.
443 1184 519 1221 jun.)

256 1410 361 1438 Datum
385 1407 568 1442 Avenione.

260 1460 307 1487 Die
320 1460 376 1487 111⁸
384 1460 452 1494 Jun.
474 1460 561 1495 1321,

340 1505 400 1533 ind.
416 1505 475 1534 1V*.

299 1728 336 1755 10
346 1728 412 1762 jun.
432 1729 521 1758 1321.

289 1995 327 2023 21
343 1994 410 2030 jun.
431 1996 518 2024 1321.

302 2042 346 2075 (xl
361 2040 422 2068 kal.
435 2041 505 2078 jul.)

255 2265 360 2293 Datum
373 2263 549 2302 Bononiae,

287 2315 327 2342 30
337 2315 404 2349 jun.
426 2316 516 2344 1321.

214 2358 275 2393 (Die
283 2358 388 2387 ultima
398 2360 588 2397 mensisjun.)

244 2581 348 2608 Datum
368 2581 452 2616 tjut.
473 2581 549 2610 1321

272 2627 348 2661 apud
362 2627 529 2660 Lombert'as,

311 2672 350 2699 di.
371 2672 481 2700 Albien.

243 2853 348 2882 Datum
363 2850 546 2885 Avenione.

209 2901 229 2930 8
250 2902 317 2939 (vm
341 2903 394 2936 id.)
411 2904 470 2939 jul.
493 2904 581 2933 1321.

665 558 716 581 nae
734 551 767 581 et
788 549 880 580 bladi
899 550 1148 589 quantitatibus
1165 560 1238 590 quae
1259 551 1300 582 ad
1322 560 1423 582 usum
1447 552 1673 592 eleemosynae
1693 554 1725 584 et
1749 553 1888 593 hospitii
1912 555 2020 594 ejusd.
2048 555 2147 595 Papae
2167 556 2271 588 desti-

665 605 799 634 nantur.
819 602 917 643 (Oriq.
933 613 1021 644 pet-9.
1039 613 1188 644 parvum
1205 613 1237 635 n.
1255 604 1320 644 25.)

711 653 846 686 11377.
868 674 905 679 -
926 657 1076 688 Joannes
1092 658 1195 697 Papa,
1214 658 1439 698 Berengarius
1455 667 1552 698 ep.us
1568 659 1767 696 Tusculan,
1782 660 1898 691 Simon
1917 669 1943 691 s.
1959 661 2084 693 Priscae
2100 664 2132 693 et
2147 663 2269 694 Petrus

663 718 691 740 s.
708 710 870 749 Stephani
893 710 928 741 in
951 710 1173 742 Coeliomonte
1192 710 1306 751 presb.
1326 712 1416 742 card.
1432 715 1631 751 receperunt
1652 721 1670 743 a
1687 713 1818 744 nuntiis
1836 713 1985 754 Philippi
2000 715 2040 746 R.
2061 716 2098 746 F.
2121 717 2153 746 et
2175 716 2218 747 N.
2236 719 2268 747 et

662 763 780 794 Karoli
806 764 941 795 comitis
968 764 1136 801 Marchiae,
1163 764 1280 795 fratris
1301 765 1367 799 sui,
1392 766 1574 805 quamdam
1595 767 1791 805 pergameni
1816 767 1982 804 cedulam,
2006 768 2103 807 cujus
2122 770 2266 800 tenorin

661 817 777 856 lingua
806 817 927 857 gallica
946 817 1120 854 inseritur,
1139 818 1305 857 quosdam
1321 818 1483 849 articulos
1500 819 1672 858 negotium
1693 820 1826 851 Mathaei
1843 820 1884 851 de
1903 821 2171 853 vicecomitibus
2189 831 2265 854 con-

662 870 830 909 tingentes
855 871 1094 901 continentem.
1125 870 1258 909 (Extant
1275 875 1335 901 tres
1350 872 1432 901 vitcae
1458 871 1691 902 membranaceae
1712 882 1726 902 e
1742 872 1849 912 quibus
1871 873 1975 913 siqilla
2004 874 2156 905 dictorum
2179 877 2264 907 card.

658 922 847 963 pendebant;
866 923 944 963 oriq.
968 933 1071 963 perq„
1101 925 1180 961 152.)
1205 941 1242 946 —
1261 924 1423 963 Sequitur
1447 926 1544 955 tenor
1562 924 1637 955 aliae
1654 925 1780 956 cedulae
1797 927 2008 964 praesentatae
2029 927 2083 958 die
2100 937 2171 958 xxu
2192 938 2263 968 apr.

658 976 743 1007 Item
758 976 825 1007 alia
842 976 961 1007 cedula
973 976 1038 1007 sub
1054 977 1171 1007 eodem
1186 977 1252 1008 die.
1265 976 1400 1017 (Extant
1411 977 1450 1007 II
1458 978 1538 1017 solia
1551 978 1715 1008 chartacea
1731 978 1817 1018 cujus
1831 978 1979 1016 deficiunt
1993 980 2115 1011 initium
2130 987 2157 1011 et
2172 982 2263 1022 finis;

658 1038 691 1060 n.
711 1031 789 1068 152.)

703 1080 837 1112 14378.
853 1101 891 1105 -
905 1083 1080 1115 Janislaus
1090 1084 1262 1115 Gneznen.
1283 1084 1476 1124 archiep.us
1491 1086 1523 1116 et
1538 1084 1724 1116 Gewardus
1739 1085 1998 1117 Wladislavien.
2018 1096 2126 1126 ep-us,
2144 1089 2263 1120 collec-

655 1138 748 1168 tores
761 1146 883 1168 census
894 1137 936 1169 R.
955 1138 994 1168 E.
1010 1138 1068 1177 qui
1085 1137 1209 1168 dicitur
1224 1138 1386 1168 denarius
1403 1147 1429 1169 s.
1449 1138 1553 1173 Petri,
1571 1139 1732 1170 mandant
1748 1139 1790 1170 N.
1809 1147 1885 1179 ep.0
1902 1140 2057 1171 Culmen.
2075 1143 2112 1172 ut
2129 1145 2264 1173 moneat

654 1191 756 1230 capit.
775 1191 855 1222 eccl.
869 1199 938 1222 suae
955 1192 996 1222 ad
1013 1190 1076 1222 sub
1089 1191 1452 1223 excommunicationis
1469 1192 1633 1223 sententia
1647 1192 1736 1223 infra
1755 1201 1904 1223 mensem
1919 1193 2120 1225 solvendum
2134 1195 2262 1226 dictum

653 1253 805 1282 censum,
823 1253 925 1285 quem
944 1245 1076 1276 solvere
1091 1245 1299 1285 denegarunt
1318 1245 1398 1276 licet
1414 1245 1584 1285 requisiti,
1600 1246 1668 1276 imo
1684 1246 1727 1276 ad
1742 1247 1776 1278 S.
1796 1247 1834 1277 A.
1849 1247 2074 1286 appellarunt,
2091 1257 2151 1279 nec
2166 1249 2262 1280 dein-

653 1307 733 1338 ceps
755 1299 866 1329 eamd.
890 1298 1153 1338 appellationem
1172 1300 1250 1330 sunt
1269 1299 1464 1338 prosecuti;
1484 1299 1618 1338 publice
1637 1299 1732 1338 prius
1753 1300 1829 1339 ipsa
1853 1300 2044 1331 interdictis
2066 1302 2098 1332 et
2121 1311 2262 1342 suspen-

652 1352 749 1383 sione
768 1351 859 1383 affici
878 1352 1112 1383 denuncianda
1123 1353 1214 1383 sunt.
1232 1351 1331 1393 (Oriq.
1343 1362 1432 1392 perq.
1444 1362 1590 1392 parvum3
1606 1362 1638 1383 n.
1655 1353 1719 1392 26.)

698 1402 833 1434 14379.
848 1423 881 1428 -
897 1405 1069 1438 Maffiolus
1077 1406 1244 1437 Carionus
1254 1405 1347 1437 filius
1358 1406 1483 1446 quond.
1499 1406 1618 1437 Prohae
1636 1409 1668 1437 et
1685 1407 1919 1438 Bertraminus
1938 1408 1978 1438 de
1995 1407 2152 1440 Rubiano
2166 1409 2259 1441 filius

651 1460 777 1499 quond.
796 1460 902 1498 Petri,
918 1462 1156 1500 procuratores
1171 1459 1306 1491 Mathaei
1320 1460 1541 1491 Vicecomitis
1553 1459 1688 1496 militis,
1702 1460 1760 1499 qui
1776 1469 1811 1491 se
1831 1460 1911 1491 dicit
1925 1461 2016 1493 civit.
2034 1463 2066 1493 et
2082 1462 2259 1494 districtus

651 1513 878 1545 Mediolanen.
892 1513 1059 1544 vicarium
1073 1513 1277 1552 generalem,
1295 1512 1522 1545 exhibuerunt
1538 1522 1651 1544 coram
1663 1513 1868 1553 quibusdam
1886 1515 1919 1546 S.
1937 1515 1976 1546 R.
1990 1515 2028 1546 E.
2047 1516 2137 1546 card.
2153 1518 2257 1556 quod-

650 1567 728 1598 dam
748 1567 1012 1599 instrumentum
1029 1567 1292 1612 procurationis,
1306 1567 1347 1598 ad
1360 1567 1542 1607 petendum
1563 1575 1582 1597 a
1597 1567 1691 1606 Papa
1705 1567 1835 1598 Joanne
1855 1568 1954 1599 XXII
1970 1568 2220 1601 absolutionem
2239 1580 2258 1602 a

650 1620 922 1661 quibuscumque
939 1621 1120 1653 sententiis
1140 1621 1173 1652 in
1193 1621 1307 1661 ipsum
1322 1621 1515 1658 Mathaeum,
1533 1620 1634 1656 filios,
1654 1620 1820 1651 officiales
1829 1622 1861 1652 et
1876 1621 1967 1652 cives
1982 1630 2063 1653 suos
2080 1622 2172 1653 latis.
2193 1625 2253 1655 Ac-

648 1676 722 1706 tum
739 1683 799 1715 per
814 1675 993 1706 Mathaeum
1008 1675 1048 1706 de
1066 1675 1275 1706 Pontecurvo
1286 1676 1394 1714 apost.
1410 1676 1442 1706 et
1453 1674 1622 1714 imperiali
1633 1676 1720 1705 auct.
1736 1674 1917 1705 notarium.
1931 1675 2134 1716 (Oriq.per9.
2149 1685 2180 1708 n.
2191 1679 2255 1717 27.)

696 1725 830 1758 14380.
849 1747 888 1752 -
902 1729 1035 1760 Adsunt
1051 1729 1117 1759 dua
1135 1728 1362 1759 instrumenta
1381 1727 1505 1768 quibus
1522 1736 1638 1767 praep.,
1657 1728 1804 1759 decanus
1822 1730 1855 1759 et.
1874 1729 1974 1768 capit.
1997 1729 2078 1760 eccl.
2100 1731 2256 1761 Camera-

648 1791 720 1814 cen.
741 1782 932 1822 supplicant
946 1783 1113 1813 Joannem
1127 1782 1255 1821 Papam
1270 1782 1369 1813 XXII
1384 1784 1420 1812 ut
1437 1781 1624 1813 Guillelmo
1640 1781 1680 1812 de
1698 1781 1867 1819 Gravelia,
1884 1782 2010 1821 presb.,
2025 1783 2200 1822 provideat
2214 1785 2254 1815 de

647 1845 766 1867 canon.
783 1837 816 1867 et
839 1835 942 1875 praeb.
962 1835 1164 1866 sacerdotali
1185 1835 1265 1866 eccl.
1284 1835 1500 1866 Cameracen.
1517 1834 1717 1865 vacantibus
1731 1836 1789 1866 aut
1802 1836 1986 1866 vacaturis.
1999 1836 2122 1867 Datum
2139 1837 2254 1868 Came-

647 1890 717 1920 raci
734 1898 822 1921 anno
842 1890 930 1926 1321,
950 1889 1036 1920 feria
1052 1894 1101 1919 lv·
1111 1890 1188 1928 post
1203 1888 1329 1919 festum
1344 1888 1595 1919 penthecostes.
1612 1888 1648 1927 (A
1656 1888 1720 1918 mbo
1735 1888 1814 1929 oriq.
1827 1898 1926 1929 parva
1940 1889 2028 1929 cujus
2042 1899 2135 1920 unum
2146 1900 2251 1931 μεν-9.,

647 1943 774 1974 alterum
793 1943 985 1973 chartaceum
1007 1942 1126 1979 ene-istim
1145 1951 1177 1972 n.
1199 1943 1238 1972 22
1253 1943 1285 1973 et
1299 1942 1378 1980 22³.)
2239 1936 2243 1939 ¹

693 1993 828 2026 14381.
854 2013 892 2018 -
917 1997 1186 2027 Instrumentum
1214 2004 1279 2035 quo
1308 1996 1440 2026 constat
1462 1994 1720 2026 viceofficialem
1743 1995 1812 2035 ep.i
1840 1996 2053 2035 Magalonen.
2080 1997 2253 2037 sigillasse

646 2051 731 2082 duas
747 2050 906 2090 capsulas
923 2050 1127 2081 constitutas
1143 2049 1232 2080 infra
1252 2049 1390 2080 domum
1407 2057 1494 2088 mag.
1514 2049 1679 2079 Bernardi
1694 2049 1735 2079 de
1759 2049 1913 2086 Camino,
1929 2051 1998 2080 not.
2023 2050 2057 2080 in
2073 2051 2250 2090 Agantico,

645 2104 749 2136 delati
768 2104 808 2136 de
826 2103 1032 2144 quibusdam
1048 2102 1250 2134 criminibus
1273 2106 1304 2134 et
1329 2103 1363 2133 in
1382 2102 1475 2133 curia
1493 2102 1574 2133 dicti
1597 2102 1666 2141 ep.i
1682 2102 1822 2139 detenti,
1841 2111 1915 2142 qnae
1930 2103 2146 2135 continebant
2165 2113 2251 2144 quae·

643 2158 722 2189 dam
738 2157 965 2189 instrumenta
975 2158 1008 2188 et
1021 2156 1231 2197 prothocolla
1242 2156 1422 2187 ecclesiam
1435 2155 1645 2195 Magalonen.
1659 2155 1842 2195 tangentia.
1861 2157 1983 2187 Actum
1999 2165 2059 2196 per
2069 2157 2250 2189 Mathaeum

643 2211 827 2251 Capenarii
843 2211 1026 2242 notarium.
1048 2210 1149 2250 (Or-2⁴9.
1164 2220 1252 2251 pery.
1266 2219 1401 2251 parvum
1411 2218 1420 2245 ;
1440 2218 1472 2240 n.
1489 2209 1555 2248 28.)

689 2262 822 2294 14382.
835 2283 873 2288 -
890 2263 1029 2300 ilbertus,
1042 2274 1130 2305 ep.ics
1145 2263 1326 2301 Bononiam,
1342 2263 1445 2294 refert
1455 2263 1690 2303 JoanniPapae
1707 2263 1808 2294 XXII
1821 2263 1922 2303 quod,
1938 2263 2037 2302 juxta
2055 2264 2168 2294 mand.
2188 2273 2248 2294 xm

642 2318 712 2349 kal.
731 2319 802 2349 dec.
820 2327 850 2349 a.
875 2322 910 2349 v⁰
939 2317 1005 2348 sibi
1023 2318 1201 2354 directum,
1218 2326 1349 2348 excom.
1367 2319 1399 2348 et
1416 2317 1501 2348 alias
1520 2325 1635 2356 poenas
1653 2316 1840 2348 incurrisse
1858 2317 2176 2348 denunciavit‘illos
2192 2319 2250 2357 qui

642 2379 679 2402 se
697 2373 876 2411 gesserunt-
892 2380 954 2411 pro
969 2372 1148 2411 potestate,
1169 2371 1344 2411 capitaneo
1360 2370 1674 2409 stipendiariorum,
1691 2370 1907 2406 officialibus,
1926 2370 2136 2402 consiliariis
2155 2371 2247 2402 civit.

641 2425 819 2461 Ferrariae,
838 2433 876 2455 ac
890 2424 1098 2456 Rainaldum
1114 2426 1146 2455 et
1169 2424 1355 2464 Opizonem
1373 2425 1431 2464 qui
1452 2433 1488 2455 se
1505 2424 1622 2454 dicunt
1640 2424 1852 2455 marchiones
1874 2424 2003 2460 Esten.‚
2023 2424 2177 2464 aliosque
2195 2425 2249 2455 ad·

640 2477 807 2509 haerentes
823 2477 952 2508 eisdem
968 2485 1113 2516 quorum
1132 2479 1374 2508 enumerantur
1388 2477 1536 2508 nomina.
1548 2477 1650 2517 (Oriq.
1660 2487 1750 2517 per-9.
1767 2477 1890 2518 longum
1903 2482 2037 2518 quatuor
2046 2478 2137 2518 petiis
2152 2477 2250 2518 lonqis

641 2530 766 2561 insimul
779 2531 871 2566 sutiam
890 2539 923 2561 n.
940 2531 1006 2568 29.)

687 2580 822 2613 14383.
842 2601 881 2606 -
905 2584 1007 2614 Instr.
1032 2592 1099 2623 quo
1127 2584 1259 2614 constat
1282 2584 1536 2622 procuratorem
1558 2583 1653 2614 Petri
1679 2583 1719 2614 de
1745 2583 1961 2622 Ruppeforti,
1981 2584 2049 2623 ep.i
2068 2584 2244 2615 Carcasso·

639 2647 730 2674 nen„
750 2636 974 2677 requisivisse
990 2638 1023 2668 et
1040 2636 1214 2667 monuisse
1237 2636 1428 2667 Guidonem
1445 2636 1485 2666 de
1510 2636 1694 2671 Convenis,
1717 2636 1804 2671 mil„
1823 2636 1933 2666 filium
1957 2637 2093 2667 comitis
2116 2637 2243 2668 Conve-

638 2700 771 2728 narum,
786 2690 912 2730 quond.
928 2690 1168 2721 condominum
1182 2689 1222 2720 de
1235 2688 1437 2726 Lomberiis,
1456 2688 1592 2720 Albien.
1611 2689 1670 2723 di.,
1687 2690 1723 2719 ut
1738 2688 1826 2719 infra
1842 2697 1900 2718 vni
1916 2689 1990 2719 dies
2007 2689 2118 2720 solvat
2134 2691 2247 2721 10.000

637 2744 698 2775 lib.
718 2746 786 2775 tur.
805 2752 890 2784 quas
917 2744 1089 2783 receperat
1106 2742 1147 2774 ab
1163 2742 1236 2774 eod.
1256 2750 1331 2782 ep.0
1357 2751 1459 2773 causa
1476 2742 1596 2774 mutui.
1620 2743 1743 2773 Actum
1760 2750 1820 2781 per
1837 2742 2004 2773 Joannem
2029 2743 2070 2773 de
2089 2742 2245 2774 Linholis

636 2799 677 2830 de
695 2798 889 2834 Samatano‚
909 2798 996 2828 auct.
1015 2796 1108 2836 regia
1126 2797 1309 2827 notarium.
1327 2795 1425 2836 (Oriq.
1438 2805 1528 2836 μεν-9.
1543 2805 1692 2835 parvum
1711 2803 1743 2825 n.
1761 2796 1827 2834 30.)

685 2848 820 2881 14384.
839 2867 876 2872 —
891 2851 1039 2882 Joannes
1057 2850 1149 2889 Papa
1167 2849 1267 2881 XXII
1283 2849 1420 2880 mandat
1437 2848 1632 2888 archiepis,
1651 2848 1748 2888 ep.is,
1767 2848 1912 2887 aliisque
1931 2848 2081 2887 praelatis
2097 2849 2129 2879 et
2152 2857 2241 2888 pers.

635 2904 825 2937 ecclesiast.
848 2904 944 2944 regni
973 2903 1098 2935 Siciliae
1119 2904 1156 2934 ut
1174 2903 1340 2934 decimam
1364 2902 1517 2934 omnium
1534 2910 1677 2932 suorum
1695 2901 1884 2932 ecclesiast.
1908 2901 2115 2939 reddituum,
2133 2910 2241 2942 usque

635 2959 678 2989 ad
692 2957 879 2990 triennium
905 2966 924 2988 a
941 2957 1010 2988 kal.
1027 2956 1109 2987 maii
1126 2955 1282 2996 proxime
1304 2955 1488 2995 praeteritis
1505 2955 1764 2990 numerandum,
1782 2963 1842 2994 pro
1860 2955 1902 2986 R.
1920 2954 1958 2985 E.
1978 2954 2240 2986 necessitatibus

634 3011 842 3051 impositam,
861 3011 895 3042 in
910 3010 1066 3042 terminis
1085 3009 1221 3041 statutis
1236 3009 1441 3049 persolvant.
1463 3007 1562 3049 (Oriq.
1575 3017 1682 3048 per9.;
1699 3007 1735 3038 de
1751 3008 1855 3039 cuv-iffi
1876 3017 1907 3038 n.
1926 3009 1982 3044 313
2002 3007 2063 3038 cfr.
2084 3016 2188 3047 supra
2204 3017 2237 3039 n.

636 3065 760 3104 14303.)
