2566 3562
395 390 648 422 APPENDICES
670 391 726 422 AD
748 391 947 428 QUARTUM
970 392 1164 425 BULLARn
1186 393 1359 432 JQANNIS
1382 393 1472 424 XXII
1493 393 1653 425 ANNUM.
1677 412 1716 417 —
1739 395 1979 435 (1316-1334)

214 1263 264 1291 Die
278 1263 310 1292 5·
321 1267 392 1300 sept.
413 1263 502 1298 1319,

295 1308 354 1336 ind.
376 1309 426 1338 11⁸.

205 1586 309 1614 Datum
326 1581 510 1616 Avenione.

249 1634 286 1662 31
305 1635 363 1663 dec.
377 1635 467 1664 1319.

260 1681 293 1714 (ιι
310 1680 369 1707 kal.
382 1679 455 1716 jan.)

172 1794 191 1821 6
210 1794 353 1821 mart—26
372 1803 433 1830 apr.
455 1794 543 1829 1320,

299 1838 358 1867 ind.
373 1840 413 1867 3¹.

196 2005 280 2039 6qu.
297 2005 385 2037 1320,
402 2006 462 2035 ind.
475 2007 515 2035 3⁸.

265 2165 291 2197 Α
297 2165 444 2199 venione.

259 2217 278 2245 6
286 2218 344 2253 jm.
365 2218 452 2247 1320.

251 2324 289 2352 20
299 2325 355 2359 Juc.
376 2325 463 2354 1320.

181 2537 219 2564 21
231 2537 289 2571 jul.
311 2538 399 2570 1320,
414 2538 472 2566 ind.
489 2540 528 2567 3⁸.
569 2552 571 2556 ·

206 2807 311 2835 Datum
326 2804 507 2838 Avenione.

250 2855 291 2884 25
302 2856 359 2890 jul.
381 2856 469 2889 1320,

241 2900 309 2936 (vin
325 2900 384 2929 kal.
395 2901 480 2937 aug.)

271 2945 303 2972 T.
324 2945 444 2973 XXVIII.

2142 398 2200 428 17¹1

570 495 574 518 τ

571 521 574 573 ἲ

1342 894 1456 944 IV

596 1018 824 1050 Instrumenta
846 1016 991 1050 archivii
1016 1017 1127 1050 Castri
1151 1017 1274 1050 Sancti
1296 1017 1423 1062 Anqeli
1445 1017 1529 1050 anni
1553 1018 1671 1062 quarti
1690 1005 1916 1063 pontificatus
1936 1020 2078 1054 Joannis
2098 1023 2201 1055 XXII

981 1093 1085 1132 prout
1104 1087 1141 1120 in
1160 1088 1319 1121 armariis
1338 1088 1491 1132 ejusdem
1510 1088 1657 1122 archivii
1669 1089 1803 1134 jacent.

643 1258 778 1292 12288.
797 1280 834 1285 -
852 1262 1017 1293 Instrum.
1041 1270 1143 1302 super
1164 1262 1386 1293 fabricatione
1414 1272 1437 1293 x
1458 1263 1629 1302 galearum
1657 1272 1741 1303 quas
1762 1265 1910 1296 Joannes
1934 1266 2027 1305 Papa
2049 1266 2150 1297 XXII
2165 1267 2198 1297 et

596 1315 777 1355 Philippus
792 1323 854 1346 rex
869 1315 1020 1346 Franciae
1036 1315 1102 1346 emi
1117 1315 1266 1346 fecerant
1281 1324 1342 1355 pro
1356 1315 1511 1347 subsidio
1525 1317 1623 1347 terrae
1639 1319 1774 1352 sanctae,
1790 1326 1894 1357 super
1909 1319 2070 1358 expensis
2088 1319 2198 1350 incur—

596 1368 646 1399 sis
663 1377 724 1408 pro
748 1369 901 1408 ipsarum
919 1368 1154 1404 munimentis,
1176 1370 1208 1400 et
1226 1377 1329 1408 super
1352 1369 1582 1409 assignatione
1601 1371 1796 1401 earumdem
1811 1371 1990 1403 Azemario
2009 1372 2049 1403 de
2067 1372 2194 1410 Scalea,

595 1422 682 1457 mil.‚
700 1422 918 1453 viceamirato
946 1422 1041 1461 regni
1065 1422 1192 1454 Siciliae
1210 1422 1309 1461 juxta
1334 1423 1447 1453 mand.
1464 1424 1572 1462 apost.
1594 1433 1630 1454 111
1648 1424 1716 1454 kal.
1737 1426 1823 1464 sept.
1841 1433 1871 1455 a.
1892 1428 1943 1455 111⁰
1957 1434 2044 1465 mag.
2060 1426 2197 1466 Hugoni

595 1483 698 1515 praep.
715 1475 966 1507 Claromonten.
992 1477 1025 1506 et
1041 1475 1184 1506 Mathaeo
1203 1475 1243 1506 de
1270 1475 1451 1513 Varennis‚
1473 1477 1506 1507 et
1530 1476 1623 1507 aliud
1639 1476 1702 1508 sub
1727 1477 1800 1508 ead.
1818 1477 1896 1509 data
1906 1478 1972 1509 eid.
1991 1478 2132 1510 Mathaeo
2148 1479 2197 1510 di-

596 1530 737 1559 rectum.
761 1528 865 1568 (Per-9.
890 1538 1031 1569 maynum
1042 1537 1052 1565 ;
1069 1528 1227 1559 Armario
1245 1528 1282 1567 C,
1299 1529 1381 1560 fasc.
1401 1529 1431 1567 8,
1450 1538 1483 1559 n.
1501 1531 1544 1568 9.)

643 1573 778 1611 12289.
794 1600 832 1604 -
851 1581 941 1612 Univ.
961 1586 990 1611 et
1013 1581 1141 1622 singulis
1155 1582 1246 1612 sociis
1266 1581 1303 1612 de
1319 1582 1461 1613 societate
1476 1582 1673 1613 Perutiorum
1689 1583 1905 1623 defilorentia
1929 1584 2029 1615 datur
2049 1585 2197 1624 quittan-

595 1635 644 1666 tia
657 1636 737 1666 6000
751 1635 825 1666 flor.
844 1635 917 1665 auri
934 1635 975 1665 de
995 1635 1139 1674 pecunia
1154 1634 1326 1666 fructuum
1349 1636 1452 1675 primi
1469 1637 1549 1667 anni
1566 1636 1677 1668 benef.
1696 1646 1767 1667 vac.
1786 1637 1821 1667 in
1836 1646 1938 1677 regno
1955 1637 2085 1678 Angliae
2101 1647 2120 1670 a
2140 1639 2195 1670 Ri-

596 1689 694 1728 galdo
714 1688 820 1719 electo
834 1688 1065 1719 Winctonien.
1084 1687 1236 1726 collecta,
1251 1697 1311 1727 per
1327 1688 1435 1720 dictos
1449 1689 1560 1720 socios
1575 1698 1717 1721 camerae
1732 1692 1841 1729 apost.
1857 1690 2070 1722 traditorum.
2090 1691 2194 1732 (Perq.

596 1740 831 1772 correctionibus
845 1741 1029 1781 scriptorum
1043 1745 1205 1781 qravatum
1215 1750 1225 1777 3
1245 1742 1402 1772 Armario
1422 1742 1459 1779 C,
1477 1741 1557 1773 fasc.
1577 1744 1607 1779 5,
1626 1743 1694 1773 div.
1713 1744 1741 1779 1,
1758 1752 1790 1774 n.
1809 1745 1856 1782 6.)

642 1791 778 1824 12290.
797 1812 834 1816 -
848 1795 1035 1825 Processus
1056 1794 1163 1825 habiti
1183 1796 1299 1825 contra
1319 1795 1525 1826 Racanaten.
1541 1795 1730 1833 haereticos,
1745 1805 1804 1835 per
1820 1797 1959 1828 fratrem
1974 1797 2195 1829 Laurentium

596 1848 636 1878 de
653 1848 859 1887 Mondayno,
872 1847 911 1879 O.
923 1848 960 1878 F.
974 1848 1033 1884 Μ.,
1047 1847 1286 1887 inquisitorem
1303 1848 1486 1887 provinciae
1503 1848 1660 1879 Marchiae
1673 1850 1874 1880 Anconitan.
1890 1851 1922 1881 et
1938 1850 2195 1890 episcopatuum

594 1901 839 1932 Montisferetri
858 1902 891 1932 et
907 1900 1040 1932 Urbini.
1060 1900 1164 1941 (Pery.
1182 1900 1263 1941 lonq.
1278 1900 1360 1931 XIV
1371 1901 1554 1931 membranis
1575 1901 1701 1932 insimul
1715 1903 1791 1932 sutis
1803 1908 1944 1933 constans
1958 1913 1967 1940 3
1989 1904 2145 1935 Armario
2156 1904 2193 1939 C,

594 1954 677 1985 fasc.
693 1955 745 1991 65,
759 1962 792 1985 n.
812 1954 855 1992 1.)

641 2004 778 2037 12291.
794 2025 832 2030 -
857 2007 1126 2037 Instrumentum
1150 2006 1391 2046 publicationis
1409 2016 1631 2047 processuum
1658 2008 1850 2040 habitorum
1872 2010 1989 2040 contra
2014 2010 2194 2041 Isnardum

593 2059 819 2100 patriarcham
842 2059 1056 2097 Antiochen.,
1084 2059 1397 2091 administratorem
1426 2060 1507 2091 eccl.
1526 2061 1679 2100 Papien„
1703 2061 1743 2092 de
1771 2062 1884 2092 mand.
1906 2062 2007 2102 Papae
2031 2064 2100 2101 (xvi
2124 2062 2193 2093 kal.

594 2115 693 2145 mart.
714 2123 743 2143 a.
763 2114 834 2151 1v0),
851 2113 885 2143 in
899 2113 979 2143 eccl.
997 2113 1116 2144 Asten.
1136 2112 1243 2154 (Per-y.
1258 2122 1267 2150 ;
1285 2113 1444 2144 Armario
1462 2114 1498 2150 C,
1514 2114 1596 2144 fasc.
1610 2115 1661 2152 68,
1679 2123 1712 2146 n.
1730 2115 1775 2154 3.)

640 2163 775 2196 12292.
793 2185 831 2189 -
849 2166 998 2197 Robertus
1024 2166 1192 2197 Jerusalem
1220 2171 1249 2197 et
1274 2166 1390 2197 Siciliae
1416 2176 1472 2197 rea:
1501 2167 1678 2198 constituit
1705 2169 1941 2207 procuratores
1969 2169 2009 2199 ad
2031 2168 2195 2208 recipien-

594 2220 673 2250 dum
689 2220 771 2251 5000
785 2220 858 2250 flor.
877 2219 951 2250 auri
967 2228 1053 2259 quos
1071 2219 1221 2251 Joannes
1243 2220 1335 2259 Papa
1350 2220 1448 2251 XXII
1466 2220 1533 2259 ipsi
1556 2221 1725 2252 mutuavit
1742 2221 1776 2251 in
1799 2221 1992 2252 subsidium
2009 2221 2193 2253 vicariatus

594 2273 628 2304 in
643 2273 798 2312 partibus
813 2273 946 2304 Tusciae
961 2274 993 2304 et
1009 2272 1232 2304 Lombardiae.
1248 2273 1353 2313 (Perq.
1365 2282 1374 2308 3
1388 2274 1547 2304 Armario
1563 2274 1599 2310 C,
1619 2273 1700 2305 fasc.
1716 2276 1746 2311 5,
1762 2274 1829 2305 div,
1847 2275 1876 2311 2,
1894 2283 1926 2305 n.
1947 2275 1989 2312 1.)

640 2323 776 2355 12293.
794 2343 832 2348 -
850 2326 987 2359 Litterae
1002 2327 1158 2365 patentes
1175 2326 1311 2363 Roberti,
1326 2326 1406 2366 reqis
1419 2325 1546 2364 Siciliae,
1567 2326 1689 2366 quibus
1708 2327 1918 2367 recognoscit
1934 2336 1969 2358 se
1985 2328 2083 2358 10000
2101 2328 2192 2358 flore-

594 2388 714 2411 norum
733 2388 818 2419 quos
829 2379 947 2411 habuit
963 2388 981 2410 a
995 2380 1124 2410 Joanne
1142 2380 1243 2412 XXII
1259 2380 1293 2410 in
1310 2379 1503 2410 subsidium
1521 2380 1704 2410 vicariatus
1723 2380 1912 2419 imperialis
1931 2379 1997 2410 sibi
2018 2380 2192 2410 commissi

593 2434 733 2464 vacante
750 2433 890 2472 imperio
909 2433 942 2463 in
961 2432 1118 2472 partibus
1133 2433 1266 2464 Tusciae
1282 2435 1314 2464 et
1330 2433 1542 2464 Lombardiae
1554 2433 1736 2472 recepisse.
1748 2433 1851 2472 (Perq.
1866 2434 1979 2469 3Arm.
1995 2433 2033 2469 C,
2050 2432 2130 2463 fasc.
2141 2435 2190 2470 37,

594 2486 662 2517 div.
679 2487 708 2524 4,
727 2495 759 2517 n.
777 2485 843 2526 21.)

640 2536 774 2568 12294.
792 2557 830 2561 ——
846 2539 1046 2579 Recognitio
1063 2540 1162 2571 10000
1174 2540 1248 2570 flor.
1266 2540 1338 2570 auri
1358 2539 1445 2570 facta
1461 2539 1645 2570 camerario
1663 2541 1695 2570 et
1712 2539 1858 2569 thesaur.
1879 2539 1979 2577 Papae
1997 2546 2058 2577 per
2074 2546 2192 2577 procu-

595 2595 741 2624 ratorem
759 2592 900 2624 Roberti
923 2593 1116 2624 Jerusalem
1135 2594 1167 2624 et
1183 2593 1308 2624 Siciliae
1325 2593 1424 2632 regis,
1440 2593 1493 2623 cni
1510 2592 1599 2622 dicta
1613 2600 1747 2622 summa
1762 2592 1915 2622 mutuata
1930 2590 2039 2621 fuerat
2061 2590 2096 2621 in
2112 2590 2192 2621 suh-

595 2646 721 2676 sidium
750 2645 936 2677 vicariatus
962 2645 1028 2676 sibi
1055 2646 1230 2676 commissi
1259 2646 1294 2676 in
1316 2645 1471 2685 partibus
1494 2645 1639 2681 Tusciae,
1666 2643 1878 2674 Lombardiae
1903 2646 1935 2674 et
1954 2643 2045 2674 civit.
2061 2643 2190 2675 Januae.

596 2698 702 2739 (Perq.
716 2708 782 2729 cum
794 2699 872 2729 victa
885 2698 1115 2729 membranacea
1130 2708 1168 2729 ex
1183 2708 1244 2739 qua
1256 2698 1370 2739 pendet
1379 2697 1512 2738 siqillum
1529 2696 1710 2727 ceraerubeae
1723 2697 1814 2727 curiae
1827 2695 1952 2737 papalis
1961 2705 1970 2732 ;
1987 2696 2143 2727 Armario
2153 2697 2190 2734 C,

596 2751 677 2783 fasc.
694 2753 744 2787 38,
759 2760 792 2782 n.
813 2751 878 2792 10.)

642 2802 776 2834 12295.
793 2823 831 2828 --
845 2804 1006 2835 Priorissae
1021 2810 1049 2835 ec
1060 2804 1213 2835 sororibus
1231 2808 1360 2834 monast.
1376 2803 1412 2834 de
1425 2802 1612 2833 Bellomonle
1625 2802 1677 2832 siti
1690 2802 1722 2832 in
1743 2800 1933 2838 Vakncenis,
1948 2801 2030 2842 quod
2043 2811 2100 2842 per
2106 2802 2194 2842 prio-

595 2858 705 2888 rissam
719 2857 919 2898 gubernatur,
937 2857 970 2887 0.
994 2857 1030 2887 S.
1046 2857 1101 2894 A„
1121 2856 1284 2887 secundum
1299 2857 1442 2886 instituta
1458 2861 1486 2885 ec
1505 2854 1558 2885 sub
1575 2864 1648 2885 cura
1665 2854 1698 2884 0.
1717 2853 1753 2884 F.
1771 2854 1807 2884 P.
1835 2853 2005 2884 viventibus
2028 2858 2088 2884 tam
2111 2864 2194 2895 prae-

597 2964 849 3003 praestationem
865 2963 1076 2994 decimarum
1094 2963 1134 2994 de
1151 2962 1421 3002 quibuscumque
1438 2959 1729 3001 possessionibus,
1747 2959 1807 2991 sed
1823 2960 1863 2990 ad
1880 2959 2106 2991 exhibendum
2122 2970 2195 2993 cen-

597 3025 673 3047 sum
688 3015 888 3046 dioecesanis
898 3024 1026 3046 necnon
1041 3015 1184 3055 pedagia
1200 3015 1252 3046 vel
1262 3015 1348 3046 alias
1360 3014 1554 3045 exactiones
1564 3013 1695 3044 solvere
1712 3013 1852 3044 mininie
1867 3014 2056 3044 teneantur.
2072 3013 2193 3055 (Per9.3

597 3068 754 3100 Armario
772 3068 809 3104 C,
827 3068 908 3099 fasc.
928 3069 977 3105 27,
995 3076 1027 3098 n.
1046 3069 1102 3105 ¹2;
1122 3068 1183 3098 cfr.
1203 3076 1235 3098 n.
1255 3066 1378 3106 11822.)

315 3116 459 3144 JOANNIS
479 3117 563 3144 XXII.
582 3131 616 3137 —
633 3117 665 3144 T.
686 3116 736 3145 111.
839 3125 841 3128 ·
2021 3114 2056 3143 28

596 2911 729 2941 sentibus
754 2920 843 2951 quam
868 2910 995 2950 futuris,
1021 2909 1218 2941 Cameracen.
1240 2909 1295 2945 di„
1315 2909 1509 2948 indulgetur
1531 2908 1573 2938 ad
1590 2908 1697 2938 instar
1720 2907 1894 2938 Benedicti
1912 2907 2011 2946 Papae
2026 2908 2075 2939 XI
2097 2909 2133 2939 ut
2150 2909 2192 2939 ad
2252 2925 2256 2928 -
