2566 3562
249 386 354 414 Datum
370 380 550 414 Avenione.

287 647 327 676 28
339 647 404 682 jan.
425 647 513 675 4320.

306 695 336 728 (v
350 691 410 719 kal.
429 691 500 728 feb.)

359 966 396 993 Ut
416 974 440 993 s.

312 1011 343 1038 T.
357 1011 404 1044 XI,
418 1010 490 1038 XIII.

361 1233 398 1261 Ut
418 1241 441 1261 5.

361 1446 398 1474 Ut
414 1455 437 1474 s.

307 1491 337 1518 T.
355 1491 402 1525 XI,
422 1491 494 1519 XIII.

288 1606 325 1635 31
338 1606 403 1641 jan.
423 1607 512 1636 4320.

303 1655 337 1687 (11
351 1653 411 1680 kal.
426 1652 495 1685 feb.)

242 1697 289 1724 Gr.
310 1704 361 1731 pro
380 1705 457 1732 pers.
476 1698 555 1725 card.

358 2089 395 2117 Ut
415 2097 439 2116 s.

307 2134 339 2161 T.
353 2134 400 2168 XI,
416 2134 489 2162 XIII.

362 2356 399 2384 Ut
414 2363 439 2383 s.

298 2426 301 2428 ,
315 2399 346 2427 Τ.
358 2399 482 2427 XXVIII.

361 2514 398 2541 Ut
417 2522 441 2542 s.

256 2833 270 2859 Ι
285 2831 372 2868 (kal.)
383 2830 438 2865 seb.
456 2830 546 2859 1320.

327 2876 358 2903 T.
375 2875 472 2919 XVIII.

612 295 786 327 JOANNIS
810 296 928 326 PAPAE
949 296 1052 327 XXII.
1075 297 1322 336 (1316-1334).
1346 313 1385 319 -
1407 295 1593 326 LITTERAE
1616 294 1841 326 COMMUNES
2201 299 2238 329 61

642 495 753 517 racen.
771 487 892 526 pertin.
914 504 952 508 —
966 488 993 518 I.
1013 496 1042 518 e.
1068 496 1113 518 m.
1132 487 1240 527 priori
1269 488 1306 518 Β.
1331 487 1377 518 Μ.
1406 487 1446 518 (16
1472 487 1665 524 Suthwerk‚
1684 487 1897 519 Wintonien.
1924 487 1984 523 di.,
2007 487 2039 519 et
2062 488 2245 528 Raynaldo

641 539 759 571 Jacobi
775 540 984 579 Napoleonis
1008 541 1048 571 de
1064 540 1147 571 filiis
1164 541 1257 577 Ursi,
1275 540 1426 571 thesaur.
1445 540 1612 575 Toletan.,
1630 549 1668 572 ac
1684 541 1866 572 Francisco
1885 541 1931 572 de*
1941 540 2044 579 Luco,
2062 550 2134 573 can.
2155 542 2246 574 Ebo-

642 602 751 624 racen.
775 593 854 624 6661.
876 597 884 631 (
903 593 944 624 A.
964 595 1013 628 13,
1031 594 1054 624 f.
1076 594 1150 630 355;
1176 593 1212 624 V.
1229 594 1278 629 70,
1300 602 1352 632 ep.
1372 594 1458 631 682.)

689 643 822 675 10957.
843 664 882 669 --
899 646 1031 677 Bibiano
1042 646 1079 676 de
1091 647 1273 676 Atromonte
1285 654 1380 684 prov.
1399 646 1617 677 succentoriae
1629 646 1709 677 6661.
1726 646 1986 686 Rothomagen„
2001 655 2060 687 per
2071 647 2245 679 dimissio·

643 708 719 730 nem
735 699 859 730 factam
877 708 896 730 a
912 700 1022 730 Droco
1035 699 1238 730 Buticularii
1256 707 1341 735 vac„
1358 699 1487 729 consid.
1512 699 1662 738 Philippi
1682 700 1772 739 regis
1789 701 1821 730 et
1837 700 1975 731 Joannae
2003 701 2128 740 reginae
2153 701 2191 732 F.
2210 702 2247 732 et.

642 753 685 783 N.
703 761 847 791 quorum
875 754 926 783 est
953 752 1033 783 cler.
1042 762 1051 788 ;
1084 761 1151 782 non
1177 751 1263 782 obst.
1283 751 1317 781 in
1336 752 1416 782 eccl.
1447 752 1580 791 Aquen.
1596 752 1631 782 in
1646 753 1816 784 Vasconia
1830 761 1948 784 canon.
1969 755 2002 784 et
2018 753 2135 793 presb„
2152 763 2189 785 ac
2208 755 2244 785 in

643 805 716 836 ead.
734 805 814 835 eccl.
831 805 1077 844 Rothomagen.
1096 813 1217 836 canon.
1235 804 1298 835 sub
1319 813 1414 843 exsp.
1431 805 1534 844 praeb.
1553 822 1592 828 —
1609 805 1636 835 I.
1656 814 1685 836 e.
1702 814 1746 835 m.
1764 814 1790 835 s.
1812 805 1967 837 Audoeni
1984 807 2242 847 Rothomagen..

643 859 676 889 et
695 867 722 888 s.
742 858 931 888 Catherinae
948 866 1053 897 prope
1077 857 1326 897 Rothomagum
1351 859 1497 888 monast.
1517 857 1607 894 abb.‚
1629 859 1661 888 et
1677 867 1765 897 mag.
1781 858 1929 890 Guidoni
1951 859 1991 890 de
2011 860 2174 898 Velletro,
2192 869 2245 892 ar-

643 911 730 942 chid.
751 911 791 941 de
807 911 967 942 Ardenna
983 911 1017 941 in
1034 911 1115 942 eccl.
1135 911 1309 947 Leodien„
1330 919 1401 949 cap.
1421 910 1487 941 ΡΡ.
1505 911 1561 950 (V.
1578 911 1627 947 70,
1645 919 1696 950 ep.
1715 912 1801 950 879.)

689 961 823 992 10958.
849 982 882 987 .-
901 963 1077 1004 Raymundo
1095 963 1244 999 Arnaldi,
1265 963 1344 994 cler.
1363 963 1403 994 de
1421 963 1560 1003 Toyrio‚
1585 964 1705 994 Elnen.
1725 964 1783 1000 di.,
1803 964 1912 1003 gratia
1928 973 2023 1004 exsp.
2038 964 2149 997 benef.
2167 975 2195 997 6.
2214 976 2241 999 6.

643 1017 695 1057 (80
709 1017 732 1047 1.
747 1017 799 1056 1.),
813 1017 867 1048 vel
882 1025 909 1048 S.
928 1026 970 1054 c..
988 1017 1023 1047 in
1037 1017 1130 1048 civit.
1148 1017 1203 1047 vel
1219 1016 1265 1047 di.
1281 1016 1414 1054 Elnen.,
1433 1017 1561 1048 consid.
1576 1016 1706 1047 Sanciae
1722 1017 1847 1056 reginae
1862 1017 1997 1054 Siciliae,
2016 1026 2084 1048 non
2101 1018 2187 1050 obst.
2208 1020 2244 1051 in

642 1070 723 1101 eccl.
741 1071 780 1101 de
797 1070 938 1110 Toyrio,
957 1070 1054 1101 dictae
1070 1070 1129 1106 di.,
1147 1078 1243 1109 perp.
1266 1069 1376 1101 benef.
1395 1069 1598 1101 sacerdotali
1619 1079 1646 1101 s.
1667 1079 1695 1100 6.
1713 1071 1763 1108 (15
1780 1069 1840 1101 lib.
1858 1070 1940 1110 tur.)
1955 1088 1994 1093 —-
2009 1071 2035 1102 I.
2054 1080 2082 1102 6.
2103 1080 2147 1102 m.
2166 1072 2242 1103 abb.

642 1124 683 1155 de
707 1133 735 1154 s.
753 1124 905 1155 Genesio·
917 1125 950 1154 et
967 1124 1072 1162 priori
1099 1124 1138 1154 B.
1159 1123 1204 1154 M.
1225 1123 1265 1154 de
1283 1123 1465 1163 AspiranO,
1480 1132 1540 1162 per
1557 1123 1706 1162 priorem
1724 1123 1817 1154 soliti
1833 1123 1924 1163 gub„
1942 1125 2101 1159 monast„
2121 1125 2242 1157 Elnen.

641 1177 700 1212 di.,
718 1179 750 1208 et
765 1177 916 1208 sacristae
930 1177 1010 1208 6661.
1033 1177 1153 1208 Ε1666.
1173 1177 1225 1215 (A.
1245 1178 1293 1213 13,
1310 1177 1334 1207 f.
1350 1178 1431 1212 437;
1451 1177 1493 1208 V.
1511 1177 1560 1211 70,
1578 1185 1630 1216 ep.
1650 1176 1757 1216 1076.)

687 1228 822 1259 10959.
842 1248 880 1253 -
893 1230 1058 1260 Francisco
1080 1229 1117 1260 de
1131 1229 1292 1260 Picamilis
1308 1230 1421 1261 collat.
1446 1239 1564 1261 canon.
1582 1230 1662 1261 6661.
1680 1230 1793 1267 1)166.,
1812 1230 1848 1261 16
1865 1239 1932 1270 qua
1944 1232 2056 1262 certus
2072 1233 2246 1263 canonico-

641 1293 717 1315 rum
733 1293 897 1315 numerus
909 1286 941 1315 et
958 1283 1059 1324 praeb.
1073 1283 1247 1315 distinctio
1264 1292 1331 1314 non
1346 1283 1523 1320 habentur,
1537 1292 1598 1323 per
1612 1283 1694 1314 obit.
1712 1283 1888 1315 Michaelis
1901 1284 2074 1315 Francisci
2084 1284 2124 1315 de
2134 1285 2246 1316 Crista

640 1347 713 1369 vac.
733 1355 772 1360 --
796 1338 823 1368 I.
852 1345 880 1368 6.
906 1346 952 1368 m.
974 1346 1049 1377 ep.0
1068 1338 1208 1374 Lucan.‚
1226 1338 1258 1368 et
1272 1336 1348 1367 abb.
1367 1339 1512 1368 monast.
1534 1337 1688 1376 Ageten„
1705 1337 1850 1367 Ilerden.
1869 1337 1928 1374 di.,
1945 1345 1983 1368 ac
2002 1337 2188 1369 Guillelmo
2203 1338 2245 1369 de

641 1391 837 1428 Senebluto,
852 1399 926 1422 can.
942 1390 1115 1422 Valentin.
1128 1390 1178 1431 (A.
1197 1392 1246 1426 13,
1264 1390 1286 1420 f.
1304 1391 1380 1425 501;
1402 1390 1437 1421 V.
1458 1391 1507 1427 70,
1524 1399 1576 1429 ep.
1596 1390 1701 1425 1084.)

687 1441 822 1473 10960.
834 1438 874 1468 ”—
885 1443 968 1484 May.
986 1443 1102 1475 Joanm·
1117 1443 1254 1483 Ducorp,
1268 1443 1355 1474 doct.
1373 1443 1489 1480 theol„
1502 1443 1644 1483 physico
1659 1443 1773 1474 Caroli
1789 1443 1924 1474 comitis
1942 1443 2071 1475 Valesii
2086 1444 2244 1484 supplic„

641 1507 736 1538 prov.
767 1506 885 1528 canon.
903 1497 984 1528 eccl.
1010 1497 1167 1536 Bajocen.
1199 1496 1262 1527 sub
1280 1505 1375 1536 exsp.
1403 1496 1507 1536 praeb.
1530 1495 1724 1534 (Cancellata
1742 1501 1771 1526 et
1787 1501 1907 1526 cassata
1918 1497 1983 1536 fuit
1999 1497 2036 1527 de
2049 1496 2152 1527 mand.
2171 1497 2247 1528 Daui

642 1551 740 1581 nostri
752 1551 836 1591 facto
847 1560 907 1591 per
923 1550 1030 1582 dmum
1047 1549 1258 1590 Forojulien.)
1275 1568 1312 1572 —
1329 1550 1356 1581 Ι.
1371 1559 1400 1580 6.
1418 1558 1464 1580 m.
1479 1549 1685 1589 (illegibile).
1706 1550 1758 1586 (A.
1775 1552 1824 1587 13,
1842 1550 1866 1580 f.
1884 1550 1983 1588 3111’.)

688 1601 823 1633 10961.
845 1621 884 1626 —-
901 1604 1071 1644 Archiep.o
1093 1602 1283 1639 Narbonen.,
1305 1607 1334 1633 et
1360 1612 1428 1643 ep.o
1450 1603 1623 1639 Pictaven.‚
1645 1613 1691 1633 ac*
1705 1602 1824 1632 archid.
1848 1602 2018 1634 Vesalmen.
2042 1603 2074 1633 in
2093 1603 2164 1633 eccl.
2186 1603 2246 1634 Va-

641 1662 739 1689 saten.
766 1658 877 1688 mand.
901 1658 939 1687 ut
959 1658 1175 1696 compescant
1201 1656 1385 1687 nonnullos
1406 1658 1566 1692 rectores,
1592 1656 1751 1695 praelatos
1776 1657 1807 1687 et
1829 1656 2126 1687 administratores
2149 1657 2244 1694 eccl.,

641 1713 788 1742 monast.
810 1712 844 1742 et
866 1710 976 1741 benef.
996 1710 1086 1741 infra
1109 1710 1195 1741 fines
1216 1709 1552 1740 archidiaconatuum
1570 1718 1655 1749 quos
1680 1709 1872 1740 Galhardus
1895 1718 1921 1739 s.
1947 1709 2059 1740 Luciae
2084 1710 2119 1740 in
2143 1710 2246 1741 Silice

642 1765 728 1796 diac.
747 1764 836 1795 card.
855 1764 888 1794 in
902 1764 1096 1794 Narbonen.
1114 1765 1146 1794 et
1162 1763 1334 1794 Pictaven.
1352 1763 1432 1794 eccl.
1452 1762 1580 1794 obtinet
1603 1762 1877 1800 constitutorum,
1896 1763 1954 1802 qui
1972 1763 2147 1793 occasione
2164 1763 2247 1793 divi-

643 1818 751 1848 sionis
766 1817 960 1849 Narbonen.
976 1818 1008 1848 et
1025 1817 1199 1847 Pictaven.
1219 1816 1264 1846 di.
1283 1825 1343 1855 per
1359 1816 1488 1847 Pontif.
1511 1816 1607 1846 factae
1625 1815 1735 1846 eidem
1751 1815 1841 1846 card.
1863 1815 2009 1853 obedire,
2028 1816 2245 1855 respondere,

642 1873 675 1902 et
694 1872 932 1910 procuratores
955 1870 1028 1910 ejus
1046 1870 1087 1900 ad
1107 1870 1317 1900 visitandum
1341 1871 1490 1908 reprere
1508 1870 1678 1904 recusant,
1701 1869 1958 1908 procurationes
1981 1869 2112 1900 ratione
2129 1869 2247 1900 visita-

640 1925 747 1956 tionis
764 1924 908 1959 debitas,
926 1923 1151 1954 sinodaticum
1169 1932 1206 1953 ac
1223 1923 1310 1954 alios
1327 1922 1480 1954 redditus
1499 1925 1531 1953 et
1548 1922 1778 1953 emolumenta
1794 1922 1924 1953 ratione
1938 1922 2068 1961 J‘urium
2084 1922 2248 1953 archidia-

643 1977 813 2008 conalium
829 1977 943 2008 debita
957 1977 1089 2008 solvere
1106 1978 1139 2007 et
1155 1976 1401 2016 subiectionem
1418 1977 1615 2007 consuetam
1635 1975 1795 2006 exhibere
1811 1976 1970 2006 renuunt.
1988 1976 2039 2014 (A.
2061 1977 2110 2011 13,
2128 1975 2151 2006 f.
2167 1977 2227 2007 305
2236 1985 2246 2013 3

647 2031 684 2062 V.
701 2033 751 2067 70,
768 2040 819 2070 ep.
835 2030 922 2069 429.)

688 2081 824 2113 10962.
843 2101 882 2105 —
899 2083 1056 2124 Stephano
1082 2083 1227 2124 Saporis,
1249 2091 1321 2113 can.
1344 2083 1423 2114 6661.
1447 2083 1674 2122 Μ33316666.,
1696 2082 1735 2113 Ο.
1760 2082 1792 2113 S.
1813 2083 1868 2117 Α.,
1888 2082 1996 2121 gratia
2021 2090 2115 2121 exsp.
2133 2081 2246 2113 benef.

642 2147 670 2169 6.
688 2147 715 2169 6.
732 2138 788 2169 vel
801 2147 828 2168 s.
847 2147 888 2174 c.‚
906 2137 997 2177 (801.
1015 2137 1067 2176 t.),
1087 2137 1223 2168 etiamsi
1240 2136 1395 2176 priorat„
1413 2136 1468 2167 vel
1484 2136 1538 2167 off.
1559 2138 1617 2166 aut
1632 2136 1825 2166 administr.
1844 2135 1981 2172 existat,
1999 2134 2152 2166 consueti
2172 2144 2246 2166 can.

642 2191 722 2223 eccl.
740 2191 965 2230 Magalonen.‚
984 2190 1024 2223 O.
1042 2191 1077 2222 S.
1095 2190 1150 2227 A..
1168 2189 1349 2229 assignari.
1368 2207 1407 2212 —
1423 2189 1450 2220 I.
1468 2198 1496 2220 e.
1515 2198 1558 2220 m.
1577 2189 1703 2220 decano
1719 2189 1759 2219 de
1775 2188 1942 2225 Burlatio,
1959 2189 2111 2220 Castren.
2130 2188 2190 2225 di.,
2213 2189 2246 2219 et

641 2245 764 2276 Joanni
777 2245 818 2275 de
834 2244 1102 2284 Bordolayrano‚
1119 2244 1304 2280 Lodoven.‚
1328 2244 1361 2274 et
1378 2242 1541 2274 Ymberto
1558 2242 1598 2273 de
1615 2239 1756 2279 Putheo‚
1776 2242 1908 2281 Aquen.
1926 2250 1998 2273 can.
2018 2242 2099 2272 6661.
2122 2241 2173 2280 (A.
2193 2243 2244 2278 13,

642 2299 665 2329 f.
683 2299 743 2333 272
759 2297 791 2335 b;
817 2297 852 2329 V.
871 2299 921 2334 70,
940 2306 992 2337 ep.
1011 2299 1097 2336 514.)

688 2348 821 2380 10963.
848 2368 885 2374 --
911 2351 1027 2382 Joanm'
1044 2350 1174 2380 Martini
1195 2349 1313 2380 archid.
1335 2349 1371 2380 de
1391 2349 1541 2390 Ripasilis
1558 2349 1591 2379 in
1606 2348 1677 2380 eccl.
1702 2348 1885 2384 Astericen.,
1905 2348 1946 2379 (16
1968 2348 2108 2378 diacono
2131 2347 2245 2387 genito

642 2406 674 2436 et
690 2405 813 2440 soluta,
837 2404 989 2444 dispens.
1009 2413 1112 2443 super
1129 2403 1263 2434 defectu
1278 2403 1457 2441 natalium,
1473 2404 1510 2434 ut
1527 2403 1569 2434 ad
1584 2403 1818 2442 episcopatum
1834 2401 1965 2432 assumi
1981 2401 2102 2432 valeat.
2121 2400 2172 2438 (A.
2193 2401 2244 2437 13,

642 2458 663 2489 f.
681 2459 739 2495 85;
763 2457 798 2488 V.
815 2458 867 2495 70,
884 2466 936 2497 ep.
955 2458 1041 2495 518.)

687 2507 822 2540 10964.
846 2528 885 2533 -
903 2509 1000 2541 Petro
1024 2510 1061 2540 de
1076 2509 1235 2547 Narbona,
1253 2514 1325 2540 nato
1347 2520 1378 2539 η.
1400 2519 1428 2540 υ.
1454 2508 1605 2539 Almarici
1629 2508 1813 2538 vicecomitis
1833 2511 1862 2537 et
1883 2506 1949 2537 dmi
1974 2505 2139 2542 Narbonae,
2165 2513 2242 2544 nep.

641 2564 755 2596 Sancii
783 2564 873 2604 regis
896 2564 1134 2603 Majoricarum
1155 2562 1313 2602 supplic„
1337 2571 1433 2602 prov.
1457 2571 1575 2594 canon.
1600 2561 1680 2592 6661.
1703 2560 1897 2592 Narbonen.
1925 2559 1988 2590 sub
2010 2567 2106 2598 exsp.
2127 2558 2243 2598 praeb.,

642 2626 709 2648 non
735 2617 824 2648 obst.
841 2617 963 2656 capell.
986 2617 1178 2656 simplicis.
1197 2616 1385 2648 Salvatoris
1411 2615 1531 2655 palatii
1553 2613 1798 2646 vicecomitalis
1815 2612 2020 2648 Narbonen.,
2039 2619 2156 2642 canon.
2178 2611 2243 2642 sub

642 2679 738 2710 exsp.
756 2670 861 2710 praeb.
875 2670 956 2701 eccl.
973 2670 1174 2707 Bituricen„
1189 2671 1221 2700 et
1235 2668 1346 2700 benef.
1358 2677 1386 2699 s.
1399 2677 1426 2699 6.
1439 2669 1510 2707 (200
1523 2668 1545 2698 l.
1562 2667 1616 2705 t.),
1632 2668 1738 2698 vacat.
1751 2666 1787 2696 in
1797 2666 1843 2697 di.
1860 2665 2053 2696 Narbonen.
2065 2664 2140 2695 -Ι,
2153 2673 2182 2695 6.
2197 2673 2243 2695 16.

642 2722 720 2754 abb.
740 2723 852 2754 saecul.
874 2731 902 2753 s.
917 2723 1017 2754 Pauli
1034 2722 1243 2759 Narbonen.,
1263 2724 1294 2753 et
1312 2721 1438 2753 archid.
1456 2720 1705 2760 Majoricarum‚
1721 2728 1757 2750 ac
1774 2718 1965 2750 Raimundo
1982 2718 2022 2748 de
2039 2717 2242 2757 Puyolibus,

643 2784 716 2807 can.
731 2776 851 2808 Elnen.
872 2776 951 2807 eccl.
971 2776 1024 2814 (V.
1045 2777 1094 2810 70,
1113 2784 1164 2815 ep.
1186 2775 1293 2810 1283.)

689 2826 823 2857 10965.
843 2846 881 2851 -—
894 2828 1026 2859 Roberto
1039 2829 1195 2865 Brionnae,
1214 2828 1337 2859 rectori
1352 2827 1488 2867 paroch.
1507 2826 1587 2858 eccl.
1602 2826 1640 2856 B.
1657 2825 1704 2855 M.
1719 2825 1759 2855 de
1773 2824 1918 2863 Carnay,
1936 2823 2163 2855 Cenomanen.
2181 2823 2240 2862 di.,

643 2882 845 2921 prorogatur
863 2881 905 2912 ad
928 2881 1021 2912 aliud
1040 2881 1217 2912 biennium
1233 2881 1356 2912 indult.
1369 2881 1439 2920 jam
1456 2889 1516 2920 per
1531 2878 1729 2914 triennium,
1749 2877 1877 2908 consid.
1896 2876 2008 2908 Caroli
2025 2876 2160 2908 comitis
2178 2877 2243 2908 Va-

643 2934 722 2966 lesii
741 2934 837 2974 cujus
863 2935 916 2965 est
932 2934 1012 2965 cler.
1040 2935 1073 2965 et
1093 2934 1214 2972 famil.‚
1240 2933 1307 2973 Ipsi
1326 2941 1536 2970 concessum,
1561 2933 1597 2962 ut
1620 2931 1750 2962 ratione
1768 2930 1865 2961 dictae
1882 2929 1962 2961 eccl.
1987 2929 2245 2969 presbyteratus
