2566 3562
276 412 380 439 Datum
398 408 584 440 Avenione.

239 725 260 753 A
278 729 312 760 (ιι
331 725 412 760 non.)
432 729 501 761 sept.
525 725 613 754 1321.

364 771 394 798 Τ.
417 770 494 799 1V¹¹.

382 1203 418 1232 Ut
439 1213 462 1232 S.

349 1249 380 1276 T.
399 1249 496 1277 XVIII.

379 1471 416 1499 Ut
436 1479 460 1499 s.

343 1516 374 1543 Τ.
394 1516 487 1544 xxiv.

379 1738 416 1766 Ut
435 1747 460 1766 s.

360 1783 392 1810 T.
412 1783 472 1811 XII.

380 2059 415 2087 Ut
431 2068 456 2088 s.

365 2104 396 2132 T.
413 2103 471 2131 XII.

339 2325 404 2352 Sine
418 2325 496 2354 dato.

357 2369 388 2396 Τ.
408 2369 479 2397 xvl.

261 2702 367 2730 Datum
385 2697 568 2732 Avenione.

328 2753 359 2779 Τ.
378 2751 499 2779 XXVIII.

261 2970 366 2998 Datum
384 2964 567 2999 Avenione.

646 320 820 352 JOANNIS
844 321 963 352 PAPAE
985 321 1086 351 XXII.
1112 322 1359 359 (1316-1334).
1385 339 1423 343 —
1445 320 1631 351 LITTERAE
1655 320 1881 352 COMMUNES
2220 324 2279 354 347

674 512 781 552 ejusd.
798 513 917 544 Alisiae
930 522 949 543 a
962 521 1058 543 conv.
1071 512 1251 548 celebrata,
1268 521 1328 551 pro
1343 513 1439 551 cujus
1452 513 1706 544 confirmatione
1725 522 1762 544 ac
1778 514 1879 544 etiam
1898 515 2132 553 prosecutione
2150 515 2276 555 negotii

673 566 901 605 exemptionis
921 566 1188 606 ajurisdictione
1206 566 1367 605 archiep.i
1392 566 1564 597 Nicosien.
1589 567 1631 596 ad
1648 567 1682 598 S.
1702 568 1741 597 A.
1767 567 1994 606 personaliter
2015 570 2214 600 accesserat.
2237 586 2276 591 —-

672 619 700 651 I.
716 628 744 650 e.
762 628 807 649 m.
827 619 999 658 priorissae
1014 622 1047 650 et
1065 628 1160 650 conv,
1177 619 1285 658 ejusd.
1303 620 1466 654 monast.;
1481 619 1628 650 Henrico
1645 620 1714 659 regi
1732 620 1848 659 Cypri.
1864 621 1918 660 (A.
1938 622 1986 657 15,
2003 621 2027 652 f.
2042 623 2098 652 381
2119 621 2148 657 ¹³,
2173 621 2205 652 V.
2224 623 2274 659 72,

673 682 724 712 ep.
744 672 848 710 1448.)

719 722 853 754 14078.
881 744 919 748 -
943 725 1075 756 loannes
1095 726 1189 765 prior
1214 726 1386 765 prioratus
1407 726 1446 756 de
1468 726 1654 763 antenaco,
1678 727 1716 758 O.
1741 727 1775 758 S.
1796 728 1846 764 Β.,
1873 735 1900 757 s.
1922 727 2043 767 Papuli
2062 728 2122 766 di„
2139 728 2176 759 fit
2197 728 2273 758 abb.

671 781 818 810 monast.
837 788 864 810 s.
882 779 991 818 Sergii
1008 778 1237 818 Andegaven„
1263 779 1372 818 ejusd.
1392 779 1476 813 ord.,
1496 787 1554 817 per
1572 780 1820 817 promotionem
1844 780 1934 810 Petri
1954 781 1995 810 ad
2016 780 2186 811 abbatiam
2203 790 2274 812 mo-

671 834 758 863 nast.
774 831 995 868 Montisolivi,
1012 832 1093 862 dicti
1109 831 1196 867 ord,
1210 831 1452 862 Can-nassonem.
1472 831 1530 867 di.‚
1550 840 1621 862 vac.
1638 841 1691 870 ap.
1710 832 1743 862 S.
1761 833 1800 862 A.
1815 841 1856 863 ex
1873 833 2014 870 speciali
2030 834 2270 864 reservatione.

670 903 708 908 —
729 885 757 916 Ι.
782 893 812 916 e.
832 893 878 916 m.
900 893 995 915 conv.
1022 887 1055 915 et
1073 884 1233 914 vassallis
1255 886 1400 914 monast.
1429 892 1456 914 s.
1476 884 1584 923 Sergii
1613 885 1848 923 Andegaven.;
1874 885 2032 925 Philippo
2053 886 2093 916 R.
2115 887 2151 917 F.
2173 890 2204 917 et
2230 887 2270 918 N.

670 938 723 977 (A.
745 940 793 975 15,
818 938 840 968 f.
858 939 917 969 336
935 943 965 974 ³3
989 936 1023 967 V.
1042 939 1092 972 72,
1111 946 1164 976 ep.
1182 938 1287 975 1451.)

716 988 850 1020 14079.
871 1008 906 1013 -
926 990 1060 1021 Joannes
1079 990 1227 1021 decanus
1250 991 1394 1020 monast.
1414 990 1581 1027 Bulmen„
1604 991 1641 1022 O.
1667 991 1701 1022 S.
1725 991 1776 1026 Β.,
1803 991 1986 1028 Βίευηῐίη.,
2007 991 2043 1023 fit
2061 991 2137 1022 abb.
2162 992 2271 1031 ejusd.

669 1046 827 1082 monast„
844 1053 904 1084 per
918 1044 1167 1084 promotionem
1188 1043 1338 1074 SimoniS
1354 1043 1398 1074 ad
1417 1044 1497 1074 eccl.
1519 1043 1734 1081 Ambhznen„
1754 1053 1806 1083 ap.
1827 1044 1859 1075 S.
1884 1046 1924 1075 A.
1941 1053 2033 1081 vac,
2051 1045 2271 1084 supplicanti-

669 1097 732 1129 bus
750 1098 862 1138 priore
879 1099 911 1128 et
929 1106 1024 1129 conv,
1041 1097 1153 1136 ipsius
1169 1098 1314 1128 monast.
1332 1114 1368 1119 —
1386 1097 1413 1127 I.
1434 1106 1463 1128 e.
1486 1106 1530 1127 in.
1551 1098 1656 1136 priori
1677 1101 1708 1128 et
1731 1106 1841 1133 couv.,
1860 1107 1897 1128 ac
1922 1098 2081 1129 vassallis
2102 1098 2183 1129 dicti
2200 1107 2271 1130 mo-

668 1153 776 1187 nast.;
796 1151 966 1190 archiep-0
982 1151 1153 1182 Bisuntin.
1168 1150 1222 1189 (A.
1249 1151 1298 1186 15,
1321 1150 1342 1181 f.
1365 1151 1425 1181 422
1441 1155 1470 1186 ³3
1495 1149 1524 1181 V.
1539 1152 1589 1188 72,
1605 1159 1656 1190 ep.
1673 1152 1775 1188 1489.)

715 1201 850 1234 14080.
868 1222 906 1227 --
924 1203 1065 1235 Guittoni
1081 1214 1151 1245 ep.0
1167 1203 1362 1239 Urbevetan„
1380 1204 1504 1241 rectori,
1523 1210 1551 1234 ει
1565 1215 1644 1244 may.
1666 1204 1800 1245 Faydieo
1821 1204 2039 1243 Guiraudonis,
2058 1215 2125 1235 can.
2145 1206 2215 1236 eccl.
2236 1206 2271 1236 de

670 1257 839 1298 Capdroto,
856 1257 1017 1289 Sar-laten.
1031 1257 1093 1294 .di.,
1111 1257 1243 1289 thesaur.
1257 1258 1445 1288 Patrimonii
1460 1257 1488 1288 b.
1506 1257 1594 1288 Petri
1611 1259 1644 1288 in
1664 1258 1784 1295 Tuscia,
1803 1259 1917 1289 mand.
1937 1261 1973 1290 ut
1991 1259 2197 1298 compellant
2215 1260 2271 1290 de-

610 1340 631 1350 ,,,
666 1313 818 1343 tentores
839 1312 1028 1343 castrorum
1045 1311 1177 1348 Canini,
1197 1311 1239 1342 ad
1260 1311 1302 1342 R.
1321 1311 1374 1346 E.‚
1399 1312 1431 1342 et
1448 1311 1640 1343 An‹·harani
1657 1320 1693 1342 ac
1716 1321 1742 1342 s.
1763 1312 1892 1348 Savini‚
1912 1312 1954 1342 ad
1969 1312 2135 1352 quosdam
2153 1313 2270 1344 fideles

667 1364 775 1404 ejusd.
788 1365 869 1396 eccl.
885 1364 1123 1404 spectantium,
1137 1364 1325 1396 Viterbien.
1338 1364 1398 1402 di„
1417 1364 1506 1395 infra
1526 1365 1774 1395 Patrimonium
1791 1364 1823 1394 b.
1840 1365 1932 1395 Petri
1949 1365 1984 1396 in
1999 1365 2125 1396 Tuscia
2141 1366 2270 1397 consis-

666 1417 823 1452 tentium,
841 1418 885 1449 ad
899 1418 960 1449 illa
975 1418 1197 1449 restituenda.
1219 1417 1272 1458 (A.
1291 1419 1340 1454 15,
1357 1417 1380 1448 f.
1397 1419 1456 1449 533
1474 1423 1506 1454 ⁸;
1533 1417 1570 1448 V.
1587 1419 1636 1455 72,
1655 1426 1707 1457 ep.
1725 1419 1828 1455 1502.)

712 1468 848 1501 14081.
866 1489 904 1494 -
926 1471 1019 1502 Eisd.
1045 1471 1159 1502 mand.
1180 1473 1217 1502 ut
1233 1480 1265 1501 n.
1289 1480 1321 1501 v.
1341 1471 1432 1502 d.nis
1448 1471 1551 1502 castri
1571 1471 1674 1508 Chiae,
1693 1471 1782 1502 infra
1801 1471 2053 1502 Patrimonium
2074 1471 2107 1502 b.
2127 1473 2219 1503 Petri
2235 1473 2268 1503 in

664 1525 790 1556 Tuscia
812 1524 1000 1562 constituti,
1022 1524 1205 1556 concedant
1229 1524 1402 1555 licentiam
1420 1524 1587 1555 vendendi
1606 1533 1639 1555 n.
1656 1533 1687 1555 v.
1705 1524 1864 1555 Poncello
1883 1525 1923 1556 de
1941 1525 2024 1555 filiis
2042 1525 2122 1556 Ursi
2143 1526 2270 1557 dictum

664 1581 826 1616 castrum,
841 1578 931 1619 quod
945 1578 987 1609 ab
1004 1578 1042 1609 E.
1061 1578 1104 1610 R.
1121 1578 1185 1609 suh
1203 1579 1294 1609 certo
1311 1578 1452 1609 servitio
1469 1578 1503 1608 in
1519 1586 1613 1617 perp.
1632 1578 1770 1609 feudum
1784 1579 1918 1614 tenent;
1937 1578 2145 1609 instantibus
2159 1581 2270 1618 potes-

663 1633 731 1664 tate
746 1633 779 1663 et
796 1631 967 1663 communi
983 1631 1188 1664 Urbevetan.
1205 1631 1257 1671 (A.
1275 1632 1324 1667 15,
1342 1632 1363 1661 l'.
1383 1633 1442 1663 533
1457 1637 1485 1666 ³;
1510 1631 1545 1662 V.
1565 1633 1614 1669 72,
1632 1640 1684 1671 ep.
1705 1633 1798 1668 15033
1816 1631 1975 1669 Theiner,
1998 1631 2101 1662 Codex
2117 1631 2270 1672 diploma-

665 1686 751 1722 zicus,
767 1686 792 1716 t.
808 1685 835 1721 I,
851 1694 884 1725 p.
899 1687 971 1723 495,
989 1685 1061 1716 doc.
1079 1685 1244 1724 DCLVI.)

711 1735 845 1768 14082.
874 1757 911 1761 -
938 1738 1030 1769 Eisd.
1047 1739 1160 1769 mand.
1183 1740 1221 1769 ut
1240 1747 1277 1769 se
1295 1738 1478 1769 informent
1502 1740 1534 1769 et
1554 1738 1702 1769 referant
1726 1738 1766 1769 de
1792 1738 1957 1769 instantia
1979 1746 2039 1778 per
2060 1739 2266 1769 moxdictum

663 1801 842 1824 commune
858 1792 1063 1824 Urbevetan.
1082 1792 1169 1823 facta
1191 1793 1227 1823 ut
1246 1792 1278 1822 ei
1294 1800 1354 1831 per
1373 1792 1520 1831 speciale
1543 1792 1761 1831 privilegium
1782 1792 1985 1822 conc-edatur
2003 1792 2093 1831 quod
2111 1792 2269 1823 omnibus

663 1846 763 1877 liceat
779 1846 820 1877 ad
837 1846 928 1877 civit.
946 1845 1149 1876 Urbevetan.
1168 1845 1404 1885 quodcumque
1421 1854 1529 1884 genus
1546 1845 1685 1884 grasciae
1704 1845 1834 1876 deferre
1851 1844 1969 1881 libere,
1989 1847 2021 1875 et
2045 1845 2172 1884 absque
2190 1854 2268 1885 apo-

663 1899 744 1930 dixa
763 1908 800 1930 ac
823 1898 983 1930 molestia
1007 1907 1231 1938 personarum
1248 1899 1281 1929 et
1297 1907 1423 1934 rerum,
1450 1898 1578 1937 illaque
1599 1898 1726 1929 ibidem
1746 1899 1901 1935 vendere,
1926 1900 1959 1929 et
1982 1898 2060 1929 inde
2079 1899 2188 1929 redire
2208 1907 2268 1938 pro

663 1953 848 1984 voluntatis
872 1952 970 1983 libito
986 1952 1059 1983 sine
1081 1961 1188 1992 poena.
1209 1952 1262 1992 (A.
1285 1953 1333 1989 15,
1360 1951 1382 1982 f.
1398 1953 1457 1983 533
1481 1951 1509 1988 b,
1534 1951 1570 1982 V.
1597 1953 1645 1987 72,
1666 1960 1720 1991 ep.
1739 1953 1832 1988 1504;
1850 1951 2009 1989 Theiner‚
2032 1956 2066 1981 ut
2086 1962 2124 1989 s.,
2146 1961 2177 1992 p.
2195 1954 2266 1990 ⁴95,

663 2006 736 2037 doc.
752 2006 933 2044 DCLVII.)

709 2056 843 2089 14083.
866 2077 904 2082 -
922 2058 1011 2090 Eisd.
1033 2058 1145 2090 mand.
1169 2061 1203 2090 ut
1227 2059 1295 2090 ΡΡ.
1321 2058 1503 2089 informent
1521 2067 1562 2089 an
1583 2058 1739 2098 expediat
1760 2058 1941 2089 concedere
1964 2058 1999 2089 in
2017 2058 2267 2099 emphyteusim

662 2114 813 2144 castrum
832 2113 972 2147 Peretae,
990 2113 1136 2144 Suanen.
1157 2112 1216 2148 di..
1239 2113 1328 2152 quod
1354 2121 1373 2142 a
1400 2116 1551 2151 tempore
1574 2112 1707 2143 Nicolai
1731 2112 1797 2142 ΡΡ.
1823 2112 1869 2142 IV
1893 2112 1934 2144 ad
1959 2112 2150 2142 domimum
2168 2113 2205 2143 E.
2227 2113 2267 2143 R.

661 2167 828 2206 pervenit,
843 2166 942 2206 juxta
967 2166 1167 2197 instantiam
1193 2174 1225 2196 n.
1244 2175 1275 2197 v,
1296 2165 1396 2197 Cechi
1415 2165 1644 2204 Chiarfalgliae
1667 2165 1708 2196 de
1734 2165 1924 2196 Monalden.
1945 2168 1976 2196 et
1996 2165 2037 2196 de
2055 2164 2267 2202 Urbeveteri‚

661 2220 824 2252 Ubaldini
841 2219 928 2251 Gelli
943 2222 976 2251 et
999 2219 1189 2251 Thiberutii
1207 2218 1392 2254 Lamberti,
1412 2219 1521 2258 ejusd.
1538 2218 1639 2250 Cechi
1656 2218 1809 2255 fratrum,
1830 2218 2046 2249 dominorum
2065 2219 2167 2249 castri
2190 2219 2269 2249 Par-

661 2273 735 2304 rani
751 2272 956 2304 Urbevetan.
971 2273 1017 2304 di.
1036 2273 1088 2310 (A.
1106 2274 1155 2308 15,
1175 2272 1196 2303 f.
1216 2274 1275 2304 535
1291 2277 1320 2308 8²;
1342 2272 1378 2303 V.
1396 2273 1445 2307 72,
1464 2281 1515 2311 ep.
1534 2273 1638 2311 1526.)

708 2322 844 2355 14084.
864 2344 902 2349 -
917 2326 1116 2366 Prorogatio
1133 2334 1239 2365 usque
1256 2326 1298 2356 ad
1314 2326 1451 2356 initium
1471 2325 1740 2365 quadragesimae
1754 2325 1892 2356 termini
1910 2325 2093 2356 solutionis
2110 2325 2269 2356 medieta-

661 2379 707 2410 tis
734 2379 906 2410 fruetuum
931 2379 1035 2410 unius
1062 2379 1140 2410 anni
1168 2379 1257 2410 male
1289 2380 1523 2418 perceptorum
1553 2380 1725 2417 prioratus
1753 2378 1987 2409 conventualis
2018 2378 2059 2409 de
2086 2378 2266 2415 Canonica,

662 2432 702 2464 O.
718 2431 751 2462 S.
769 2431 821 2469 Β.,
841 2432 1016 2463 Mimaten.
1036 2432 1096 2468 di.‚
1114 2431 1276 2462 Guillelmo
1290 2431 1326 2462 de
1342 2431 1503 2468 Landora,
1522 2432 1580 2471 qui
1594 2431 1706 2462 eumd.
1728 2431 1916 2470 prioratum
1933 2431 2057 2462 virtute
2074 2431 2139 2462 litt.
2158 2434 2266 2471 apost.

662 2486 840 2516 assecutus
856 2486 908 2516 est
932 2484 1011 2515 licet
1029 2484 1063 2515 in
1084 2485 1135 2515 eis
1159 2485 1199 2515 de
1224 2485 1386 2524 prioratu,
1406 2485 1542 2515 etiamsi
1563 2485 1798 2515 conventualis
1825 2484 1997 2521 existeret,
2022 2484 2116 2515 nulla
2140 2485 2268 2515 mentio

660 2538 859 2573 haberetur;
875 2537 915 2568 de
929 2546 996 2577 quo
1010 2537 1080 2576 Jam
1096 2538 1161 2568 ΡΡ.
1177 2546 1255 2568 eum
1271 2538 1495 2577 dispensavit,
1512 2537 1695 2568 dummodo
1712 2537 1801 2567 inl'ra
1817 2537 1943 2567 festum
1955 2537 2156 2568 Nativitatis
2172 2538 2266 2575 D.ni,

660 2593 739 2622 tunc
756 2599 852 2630 prox.
873 2589 1038 2626 futurum,
1057 2585 1276 2621 medietatem
1297 2589 1468 2620 fructuum
1487 2590 1589 2620 unius
1606 2589 1685 2619 anni
1701 2598 1743 2620 ex
1760 2590 1833 2620 eod.
1852 2589 2005 2628 prioratu
2022 2592 2267 2629 perceptorum,

658 2653 720 2684 pro
738 2643 895 2683 passagio
911 2644 1009 2675 terrae
1027 2645 1150 2674 sanctae
1166 2642 1325 2674 solveret.
1345 2642 1398 2681 (A.
1417 2644 1466 2679 14,
1485 2642 1507 2673 f.
1524 2644 1582 2673 134
1599 2642 1630 2679 11;
1655 2642 1689 2673 V.
1706 2644 1756 2677 71,
1772 2650 1824 2679 ep.
1842 2643 1928 2680 241.)

706 2693 839 2726 14085.
864 2713 903 2719 -
927 2696 1127 2727 Declaratur
1148 2705 1229 2736 may.
1251 2700 1279 2725 et
1293 2695 1408 2735 fratres
1424 2695 1586 2734 hospitalis
1601 2705 1625 2725 s.
1641 2694 1771 2725 Joanm's
1786 2694 2031 2725 Jerosolimicani
2050 2696 2268 2735 percepturos

660 2759 735 2782 esse
753 2750 884 2781 fructus
897 2749 1086 2790 praebendae
1103 2749 1155 2780 vel
1171 2748 1327 2780 beneficii
1343 2749 1507 2784 vacantis,
1522 2748 1618 2787 cujus
1633 2748 1768 2779 annalia
1785 2748 1871 2787 ipsis
1886 2748 2063 2785 debentur,
2088 2748 2189 2779 etiam
2206 2757 2267 2788 pro

660 2813 698 2836 ea
715 2805 809 2843 parte
824 2812 899 2843 quae
914 2802 1131 2842 praebendam
1146 2802 1200 2833 vel
1215 2802 1411 2842 hujusmodi
1429 2801 1631 2832 beneficium
1650 2801 1883 2832 obtinentibus
1900 2801 2090 2837 deberetur,
2109 2801 2136 2831 si
2154 2810 2267 2840 perso-

659 2857 771 2888 nalem
786 2856 1008 2888 residentiam
1024 2855 1183 2892 facerent,
1198 2855 1297 2895 Juxta
1314 2857 1463 2886 mentem
1480 2855 1621 2886 alterius
1636 2854 1858 2894 praecedentis
1875 2854 2106 2886 declaratoriae
2122 2863 2183 2894 per
2199 2855 2265 2886 ΡΡ.

658 2910 793 2942 habitae.
812 2909 866 2949 (A.
887 2910 938 2946 14,
956 2909 977 2940 f.
998 2910 1057 2940 243
1072 2913 1101 2945 ⁸3
1126 2908 1159 2939 V.
1181 2910 1230 2945 71,
1247 2917 1300 2948 ep.
1317 2909 1403 2946 442.)

705 2960 839 2992 14086.
865 2980 896 2986 -
912 2962 1035 2994 Rectori
1048 2967 1076 2992 ec
1093 2962 1285 2992 thesaurario
1299 2961 1445 2992 Marclziae
1458 2961 1647 2991 Anconitan.
1666 2960 1778 2991 mand.
1795 2961 1832 2991 ut
1848 2960 1985 3000 exigant
2002 2969 2134 3000 poenam
2155 2961 2268 2993 10.000

658 3017 786 3050 march.
815 3016 944 3057 argenti
967 3025 987 3047 a
1008 3015 1255 3056 Raynalducio,
1282 3015 1472 3050 (inaltet-io,
1499 3015 1628 3046 Joanne
1654 3014 1845 3051 Franciseo,
1872 3014 2086 3046 Bonaccurso
2111 3015 2266 3052 Joannis,
