2566 3562
350 334 389 366 88

383 426 487 454 Datum
501 418 681 452 Avenione.

426 526 462 553 19
477 532 538 560 apr.
558 522 645 550 1320.

406 571 471 603 (xm
488 568 546 595 kal.
563 565 658 601 maii.)

421 630 460 658 20
476 637 537 665 apr.
557 627 644 657 1320.

408 675 462 710 (xn
481 674 540 702 kal.
559 672 654 704 maii.)

492 843 527 870 Ut
546 850 570 870 s.

476 887 506 915 T.
528 887 584 914 ΧΧ.

493 1108 529 1136 Ut
549 1117 572 1136 s.

492 1322 528 1350 Ut
549 1331 572 1349 s.

492 1482 527 1509 Ut
548 1490 572 1510 s.

490 1695 525 1723 Ut
546 1703 571 1723 s,

491 2442 525 2470 L‘t
546 2450 569 2469 s.

493 2708 528 2735 Ut
548 2716 571 2736 s.

494 2919 530 2947 Ut
550 2928 573 2948 s.

2121 0 2131 3 ι
2138 0 2275 20 *³15*th
2281 0 2308 14 w
2317 10 2320 12 ,

751 326 924 358 JOANNIS
948 320 1066 355 PAPAE
1088 322 1190 354 XXII.
1214 321 1463 362 (1316-1834).
1485 336 1525 342 —
1548 317 1734 349 LITTERAE
1756 317 1983 350 COMMUNES

819 514 954 548 11264.
978 534 1015 540 -
1039 515 1179 548 Ymberlo
1202 515 1239 546 de
1267 515 1408 551 Turrem,
1431 513 1504 545 cler.
1527 512 1699 545 Rulhenen.
1716 511 1773 550 di.,
1793 521 1886 545 conc.
1909 512 2152 545 tabellionatus
2175 512 2231 545 off.
2251 511 2304 553 (V.
2322 513 2373 550 70,
2405 499 2411 506 “

773 581 825 612 ep.
851 571 954 611 1612.)

819 623 835 654 1
846 622 955 655 1265.
974 641 1012 646 -
1029 622 1206 654 Ardenchio
1219 621 1389 653 Ardenchii
1401 620 1438 652 de
1456 619 1594 652 Valentia
1609 619 1698 652 conf.
1715 627 1834 652 canon.
1848 619 1930 652 eccl.
1945 619 2113 652 viennen.
2127 619 2164 651 in
2179 627 2248 660 qua
2261 620 2375 651 certus

773 688 845 710 can.
867 685 1030 709 numerus
1047 679 1079 708 et
1092 676 1195 717 praeb.
1212 675 1386 707 distinctio
1403 683 1470 706 non
1485 674 1680 712 habentur.;
1701 682 1769 706 non
1784 672 1873 706 obst.
1891 672 1982 714 quod
1999 681 2072 705 can.
2091 672 2218 706 existat
2234 672 2316 705 eccl.
2333 672 2375 704 de

773 731 950 769 Romanis,
973 731 1141 762 Viennen.
1162 729 1207 761 di.
1233 747 1272 752 —
1292 729 1319 760 Ι.
1345 738 1373 761 e.
1396 737 1442 760 m.
1465 727 1541 760 abb.
1561 728 1706 759 monast.
1725 736 1753 759 s,
1777 726 1873 759 Petri
1894 726 1979 758 foris
2001 727 2118 767 portas
2139 726 2320 763 viennen„
2341 726 2377 758 et

773 793 876 825 praep.
894 783 1100 821 Massilien.,
1120 791 1158 814 ac
1175 782 1297 814 Pontio
1314 781 1412 820 Avio‚
1427 790 1500 813 can.
1518 780 1691 814 valentin.
1708 780 1762 820 (V.
1783 781 1833 819 70,
1849 788 1902 821 ep.
1918 780 2006 821 674.)

819 835 955 868 11266.
974 853 1013 859 -
1034 836 1202 877 ΑνσΙιίερ.ο
1225 834 1390 867 Dublinen.
1410 834 1523 867 mand.
1544 835 1582 866 ut
1599 834 1817 866 Edmundum
1833 833 1961 865 dictum
1979 833 2030 865 Lu
2048 832 2220 870 Buttilier,
2237 833 2323 872 mil„
2342 834 2378 866 et

773 892 846 932 ejus
863 899 1006 922 uxorem
1025 899 1063 921 ac
1083 890 1103 921 J
1107 889 1248 921 acobum
1265 897 1384 920 eorum
1408 888 1518 920 filium
1545 888 1585 920 de
1604 887 1741 919 Ibernia
1762 886 1917 919 absolvat
1933 895 1952 918 a
1967 888 2045 919 voto
2070 886 2235 919 visitandi
2255 886 2378 919 limina

773 945 852 977 eccl.
872 954 899 976 s.
915 943 1033 976 Jacobi
1050 943 1330 983 compostellan„
1355 942 1539 974 dummodo
1555 949 1725 982 expensas
1741 949 1827 981 quas
1843 940 1965 972 facturi
1981 941 2079 972 erant
2097 940 2134 972 in
2149 940 2259 972 eundo
2274 942 2307 973 et
2326 948 2380 972 re«

773 999 906 1030 deundo
931 998 965 1028 in
989 997 1134 1037 pecunia
1155 998 1333 1028 numerata
1353 996 1397 1028 ad
1420 996 1612 1028 Romanam
1633 995 1713 1027 Cur.
1739 995 1775 1026 in
1801 994 1997 1026 subsidium
2021 994 2135 1026 Terrae
2154 994 2284 1026 Sanciae
2301 994 2376 1026 des-

773 1053 882 1084 tinare
902 1052 1096 1091 procurent.
1114 1050 1166 1091 (A.
1195 1052 1243 1086 13,
1263 1050 1287 1081 f.
1302 1051 1378 1088 3633
1402 1049 1435 1081 V.
1453 1050 1504 1087 70,
1523 1058 1575 1089 ep.
1593 1049 1677 1089 707.)

819 1103 836 1134 1
846 1102 954 1134 1267.
973 1123 1011 1127 -
1027 1104 1120 1135 Petro
1137 1103 1204 1145 filio
1217 1103 1376 1134 Francisci
1388 1102 1424 1134 de
1440 1102 1649 1144 Thedelqariis
1663 1101 1700 1133 de
1717 1101 1797 1133 Urbe
1808 1110 1904 1142 prov.
1920 1109 2039 1134 canon.
2058 1101 2139 1133 eccl.
2152 1110 2181 1133 s.
2198 1101 2376 1134 Laurentii

772 1159 813 1190 de
832 1158 1004 1193 Consilve,
1016 1157 1167 1189 Paduan.
1184 1157 1243 1195 di.,
1262 1157 1326 1188 sub
1339 1165 1436 1197 exsp.
1453 1155 1556 1197 praeb.
1571 1174 1609 1180 —-
1623 1156 1650 1188 Ι.
1673 1164 1703 1188 e.
1718 1164 1762 1187 m.
1779 1155 1970 1195 Napoleoni
1986 1155 2027 1187 de
2047 1154 2131 1187 filiis
2144 1155 2227 1188 Ursi
2246 1154 2375 1188 archid.

772 1214 813 1244 de
840 1211 1018 1251 Campinia
1044 1211 1079 1242 in
1105 1211 1185 1242 eccl.
1213 1210 1389 1248 Leodien„
1415 1211 1485 1242 not.
1515 1210 1627 1250 Papae,
1644 1210 1677 1241 et
1701 1208 1778 1241 abb.
1796 1210 1944 1240 monast.
1970 1217 1997 1241 s.
2015 1209 2128 1247 Pauli,
2153 1217 2191 1240 ac
2210 1209 2313 1241 Petro
2334 1208 2376 1242 de

773 1265 967 1297 Posterulla
982 1265 1023 1296 de
1040 1264 1143 1302 Urbe,
1160 1273 1233 1296 can.
1251 1264 1386 1296 Reatin.
1404 1264 1458 1303 (V.
1477 1265 1527 1300 70,
1545 1271 1598 1304 ep.
1617 1264 1700 1302 764.)
1739 1276 1745 1282 ·

819 1316 954 1349 11268.
978 1336 1018 1342 -
1041 1318 1118 1349 Eid.
1137 1318 1174 1349 fit
1197 1318 1324 1349 similis
1339 1317 1448 1358 gratia
1467 1317 1502 1348 in
1519 1317 1600 1349 eccl.
1623 1325 1652 1348 s.
1668 1316 1778 1349 Teclae
1794 1316 1924 1354 Esten„
1943 1315 2095 1347 Paduan.
2115 1315 2176 1354 di.,
2191 1315 2288 1357 cujus
2302 1315 2377 1348 red-

772 1373 865 1404 ditus
889 1381 965 1404 cum
993 1372 1064 1403 illis
1087 1371 1308 1412 praecedentis
1332 1380 1450 1403 canon.
1477 1370 1704 1403 consimiliter
1720 1369 1787 1401 val.
1816 1378 1894 1401 ann.
1921 1370 1962 1402 60
1985 1369 2191 1401 florenorum
2213 1369 2288 1401 auri
2309 1377 2377 1402 non

771 1427 949 1458 excedunt.
967 1444 1005 1449 —
1020 1426 1046 1457 Ι.
1066 1434 1095 1457 e.
1112 1434 1157 1457 m.
1170 1426 1207 1456 ut
1223 1434 1250 1456 s.
1269 1424 1320 1463 (V.
1342 1425 1393 1460 70,
1412 1433 1464 1465 ep.
1482 1425 1566 1464 765.)

818 1478 835 1509 1
846 1477 953 1508 1269.
968 1497 1007 1502 —
1022 1478 1150 1510 Nicolao
1166 1483 1238 1509 nato
1250 1478 1364 1520 quand.
1381 1478 1468 1509 Petri
1480 1477 1592 1519 Anqeli
1605 1477 1642 1508 de
1657 1477 1684 1508 T
1681 1477 1865 1518 hedelqarz'is
1882 1476 1919 1507 de
1937 1476 2016 1508 Urbe
2030 1477 2104 1508 ead.
2120 1477 2230 1517 gratia
2244 1475 2281 1508 in
2293 1476 2376 1510 eccl.

771 1533 1032 1565 Wratislavien.
1043 1542 1052 1570 ;
1073 1541 1139 1564 non
1161 1532 1247 1564 obst.
1277 1532 1312 1563 in
1328 1532 1471 1564 basilica
1495 1531 1661 1572 principis
1684 1530 1920 1571 apostolorum
1935 1530 1976 1562 de
1996 1529 2090 1562 Urbe
2107 1538 2147 1562 ac
2163 1530 2199 1562 in
2214 1529 2296 1562 eccl.
2313 1530 2378 1562 Pa·

772 1588 873 1619 duan.
889 1595 1007 1618 canon.
1033 1587 1066 1618 et
1087 1586 1203 1626 praeb.,
1225 1587 1257 1617 et
1278 1586 1432 1626 prioratu
1448 1585 1530 1617 eccl.
1548 1594 1575 1616 s.
1592 1584 1769 1616 Michaelis
1789 1584 1830 1615 de
1851 1583 2151 1622 Reverestrunolo,
2169 1583 2310 1616 Adrien.
2327 1583 2375 1616 di.

772 1658 810 1664 -—-
823 1641 849 1671 Ι.
865 1649 894 1671 e.
914 1649 958 1671 m.
974 1642 1010 1672 ut
1026 1649 1053 1670 s.
1071 1639 1124 1680 (V.
1141 1641 1192 1677 70,
1208 1648 1260 1679 ep.
1279 1639 1366 1679 766.)

818 1691 955 1723 11270.
972 1712 1010 1716 —
1029 1692 1189 1733 Stephano
1206 1692 1370 1729 Planterii‚
1389 1692 1569 1732 utriusque
1581 1691 1672 1731 juris
1688 1690 1812 1731 perito,
1828 1690 1909 1722 cler.
1927 1690 2060 1722 Uticen.
2079 1690 2138 1728 di.,
2154 1690 2264 1731 gratia
2278 1698 2374 1731 exsp.

770 1747 881 1778 benef.
898 1747 939 1787 (c.
959 1756 986 1778 c.
1005 1747 1074 1782 100,
1089 1746 1143 1777 vel
1159 1755 1185 1777 s.
1205 1755 1233 1777 c.
1250 1747 1290 1777 50
1307 1745 1367 1776 lib.
1385 1745 1480 1784 tun),
1498 1745 1534 1776 in
1558 1744 1649 1776 civit.
1669 1744 1721 1776 vel
1738 1744 1784 1775 di.
1801 1744 1945 1781 Uticen„
1963 1744 2005 1775 ad
2023 1743 2137 1775 collat.
2160 1744 2230 1784 ep.i
2242 1743 2375 1776 Uticen.

770 1801 907 1840 pertin„
923 1809 989 1831 non
1008 1799 1095 1831 obst.
1113 1800 1148 1831 in
1162 1799 1242 1831 eccl.
1263 1799 1477 1830 Ebredunen.
1494 1807 1613 1830 canon.
1631 1788 1694 1829 sul)
1710 1806 1808 1838 exsp.
1825 1797 1929 1838 praeb.
1946 1815 1987 1820 —
2000 1797 2030 1829 Ι.
2045 1806 2076 1829 e.
2098 1806 2145 1829 m.
2161 1797 2325 1830 Tolonen.
2341 1798 2376 1830 et

770 1854 974 1885 Avinionen.
990 1862 1105 1893 praep,
1121 1862 1158 1884 ac
1174 1852 1300 1884 archid.
1318 1861 1346 1883 s.
1365 1852 1464 1883 Pauli
1480 1852 1588 1891 ejusd.
1606 1851 1812 1883 Avinionen.
1829 1851 1910 1882 eccl.
1927 1849 1979 1891 (V.
1998 1851 2048 1888 70,
2065 1859 2120 1891 ep.
2141 1850 2228 1891 796.)

818 1905 938 1937 11271
949 1929 956 1937 .
969 1925 1008 1930 -
1022 1907 1182 1944 Poleslaci,
1199 1906 1374 1947 capitaneo,
1387 1904 1515 1936 consilio
1532 1910 1560 1935 et
1576 1904 1727 1935 communi
1740 1904 1886 1935 Paduan.
1903 1904 2016 1935 mand.
2035 1905 2072 1935 ut
2085 1912 2119 1935 n.
2134 1901 2375 1936 vsAldobran·

771 1961 850 1992 dino
866 1960 1054 1992 marchioni
1069 1961 1185 1991 Esten.
1201 1959 1289 1990 bona
1305 1968 1367 1990 sua
1382 1958 1576 1990 restituant.
1597 1958 1648 1997 (V.
1666 1959 1716 1995 70,
1733 1966 1786 1998 ep.
1801 1957 1888 1998 823.)

818 2011 953 2044 11272.
970 2032 1009 2037 -
1025 2014 1159 2044 Mar-tino
1177 2013 1212 2043 de
1230 2011 1442 2050 Planomeleti,
1457 2011 1572 2052 presb.
1586 2012 1760 2043 Feretran.
1781 2011 1840 2048 di.,
1859 2011 1969 2051 gratia
1985 2019 2080 2051 exsp.
2097 2010 2209 2042 benef.
2227 2019 2255 2043 c.
2273 2020 2301 2043 c.
2319 2011 2375 2043 vel

771 2077 799 2099 s.
817 2077 844 2099 c.
867 2068 909 2099 ad
927 2067 994 2107 ep.i
1010 2067 1199 2099 Ariminen.
1216 2067 1328 2098 collat.
1349 2066 1472 2106 pertin.
1492 2065 1527 2096 in
1549 2065 1641 2096 civit.
1662 2065 1716 2096 vel
1732 2065 1777 2095 di.
1800 2065 1990 2096 Ariminen.
2009 2073 2086 2096 cum
2099 2064 2306 2105 obligatione
2323 2064 2376 2096 di-

771 2121 928 2153 mittendi
946 2121 1025 2152 eccl.
1043 2130 1071 2152 s.
1086 2120 1267 2158 Simeonis,
1287 2119 1487 2151 Urbinaten.
1506 2118 1552 2150 di.
1571 2136 1610 2141 -
1627 2119 1654 2150 Ι.
1673 2127 1702 2149 e.
1719 2127 1765 2149 m.
1783 2127 1859 2158 ep.o
1881 2118 2070 2156 Feretran„
2084 2119 2118 2150 et
2133 2117 2211 2150 abb.
2227 2119 2372 2150 monast.

771 2184 799 2206 s.
815 2174 998 2207 Gaudentii
1012 2174 1215 2209 Ariminen„
1234 2182 1272 2204 ac
1290 2181 1392 2212 praep.
1413 2172 1494 2204 eccl.
1512 2172 1553 2203 de
1572 2172 1746 2209 Sortanea,
1768 2171 1925 2203 Parmen.
1942 2171 1988 2202 di.
2004 2171 2056 2212 (V.
2073 2173 2123 2208 70.
2141 2180 2194 2212 ep.
2208 2173 2294 2211 824.)

818 2226 952 2257 11273.
978 2246 1016 2251 -
1036 2227 1130 2258 Petro
1154 2227 1190 2258 de
1210 2227 1353 2257 Arimino
1371 2235 1467 2266 prov.
1493 2234 1611 2257 canon.
1639 2224 1703 2256 sub
1725 2233 1821 2265 exsp.
1846 2225 1949 2265 praeb.
1971 2225 2053 2256 eccl.
2074 2225 2284 2262 Ariminen.;
2306 2233 2375 2256 non

771 2282 859 2314 obst.
877 2291 904 2312 s.
921 2282 1057 2322 Georgii
1074 2281 1229 2320 Antiquii
1248 2280 1439 2311 Ariminen.
1455 2288 1483 2310 c.
1502 2288 1544 2317 c.,
1560 2281 1593 2311 et
1609 2287 1635 2310 S.
1653 2278 1829 2310 Laurentii
1844 2287 1873 2309 s.
1891 2287 1934 2316 c.,
1949 2279 2141 2310 Ariminen.
2161 2278 2221 2316 di.,
2237 2278 2317 2310 eccl.
2335 2296 2375 2301 —

771 2337 797 2367 I.
815 2345 844 2367 e.
858 2345 904 2367 m.
922 2344 950 2366 s.
964 2335 1146 2367 Gaudeniii
1163 2336 1195 2365 et
1211 2343 1238 2364 S.
1257 2333 1384 2364 Juliani
1398 2333 1590 2364 Ariminen.
1605 2334 1750 2364 monast.
1769 2331 1860 2370 abb„
1875 2341 1913 2363 ac
1925 2341 2029 2372 praep.
2044 2332 2124 2364 eccl.
2142 2332 2184 2364 de
2197 2332 2372 2371 Sortanea,

771 2390 929 2421 Parmen.
947 2388 992 2419 di.
1011 2391 1064 2427 (A.
1083 2390 1133 2424 13,
1152 2387 1173 2418 f.
1191 2389 1230 2419 53
1245 2387 1275 2424 b;
1300 2387 1336 2418 V.
1355 2388 1405 2424 70,
1422 2395 1474 2425 ep.
1492 2386 1577 2426 832.)

819 2439 952 2471 11274.
970 2459 1008 2464 -
1028 2441 1199 2472 omnibenae
1219 2440 1287 2481 filio
1302 2439 1398 2471 Saliae
1413 2439 1449 2470 de
1463 2439 1650 2476 Omnibenis,
1664 2439 1744 2470 cler.
1761 2439 2007 2477 Ravennatem,
2021 2439 2130 2479 gratia
2146 2447 2242 2479 exsp.
2260 2438 2372 2471 benef.

772 2505 799 2527 c.
815 2505 843 2527 c.
862 2496 916 2527 vel
932 2504 960 2526 s.
981 2504 1023 2531 c.,
1040 2495 1142 2534 etiam
1157 2495 1188 2526 si
1204 2495 1294 2534 dign.
1312 2494 1367 2524 vel
1382 2494 1584 2533 personatus
1600 2492 1736 2530 existat,
1755 2492 1797 2524 ad
1812 2492 1880 2532 ep.i
1898 2493 2087 2524 Bononien.
2107 2493 2220 2524 collat.
2235 2492 2372 2533 pertin„

771 2550 807 2580 in
827 2549 920 2580 civit.
938 2549 992 2580 vel
1005 2548 1052 2580 di.
1068 2548 1269 2584 Bononien.,
1285 2555 1352 2578 non
1373 2546 1460 2578 obst.
1479 2546 1515 2577 in
1530 2546 1610 2577 eccl.
1627 2547 1858 2578 Ravennaten.
1876 2554 1995 2578 canon.
2012 2547 2046 2578 et
2061 2545 2163 2586 presb:
2179 2564 2218 2569 -
2231 2545 2259 2577 1.
2275 2554 2305 2586 e.
2325 2554 2372 2578 m.

772 2602 848 2633 abb.
864 2603 1009 2634 monast.
1028 2611 1056 2633 s.
1070 2601 1213 2633 Joannis
1228 2600 1455 2641 Evangelistae
1471 2601 1717 2637 Ravennatem,
1736 2601 1769 2631 et
1783 2608 1887 2639 praep.
1906 2600 2078 2635 Parmen.,
2097 2601 2130 2631 et
2144 2599 2317 2640 Raynerio
2332 2598 2374 2632 de

773 2656 909 2691 Parma,
924 2664 996 2687 can.
1013 2655 1217 2688 Salernitan.
1235 2654 1316 2686 eccl.
1336 2654 1390 2693 (V.
1410 2655 1460 2691 70,
1474 2662 1527 2693 ep.
1545 2654 1630 2692 839.)

818 2706 955 2738 11275.
973 2726 1012 2732 -
1030 2708 1113 2748 May.
1131 2708 1313 2739 Bertholino
1328 2707 1364 2738 dc
1379 2707 1506 2745 Parma,
1528 2715 1600 2738 can.
1617 2707 1789 2744 Parmen.,
1804 2707 1904 2747 Papae
1921 2706 2052 2747 script„
2067 2707 2261 2738 reservatur
2279 2705 2371 2746 dign.

772 2762 826 2793 vel
841 2763 1044 2802 personatus
1066 2771 1095 2793 c.
1114 2770 1142 2793 c.
1159 2761 1215 2793 vel
1239 2770 1265 2792 s.
1292 2770 1320 2792 c.
1340 2761 1376 2792 in
1398 2760 1488 2792 dicta
1504 2761 1584 2792 eccl.
1603 2777 1640 2783 —
1657 2760 1685 2791 I.
1707 2768 1737 2791 e.
1755 2768 1800 2791 m.
1821 2760 1992 2800 archiep.o
2006 2760 2223 2797 Salernitan.,
2247 2761 2280 2791 et
2295 2759 2372 2791 abb.

772 2817 918 2847 monast.
948 2816 988 2847 de
1015 2805 1247 2853 Valleserena‚
1276 2823 1314 2846 ac
1338 2814 1483 2854 archipr.
1507 2813 1619 2854 plebis
1645 2814 1687 2845 de
1713 2822 1742 2845 s.
1768 2813 1960 2851 Pancratio,
1987 2814 2144 2845 Parmen.
2171 2813 2218 2845 di.
2243 2813 2297 2853 (V.
2321 2813 2372 2849 70,

773 2877 825 2908 ep.
847 2869 934 2908 840.)

821 2920 955 2951 11276.
971 2940 1009 2946 --
1028 2921 1219 2953 Bernardino
1237 2921 1304 2962 filio
1324 2921 1410 2952 Petri
1423 2921 1459 2952 de
1477 2921 1603 2952 Tusclzis
1619 2930 1714 2961 prov.
1731 2930 1849 2953 canon.
1863 2920 1927 2952 sub
1941 2929 2037 2961 exsp.
2051 2919 2155 2960 praeb.
2172 2919 2253 2952 eccl.
2266 2921 2373 2952 Foro-

774 2975 903 3013 livien.,
925 2985 991 3007 non
1009 2975 1096 3007 obst.
1115 2975 1151 3006 in
1175 2976 1254 3007 eccl.
1270 2975 1457 3007 Placentin.
1477 2983 1594 3006 canon.
1623 2974 1686 3006 sub
1705 2983 1800 3015 exsp.
1819 2974 1922 3015 praeb.
1946 2991 1984 2998 -—
2007 2974 2035 3005 Ι.
2058 2981 2088 3005 e.
2106 2982 2153 3005 m.
2169 2973 2314 3014 archipr.
2330 2974 2372 3006 de
