2626 3568
328 0 434 62 ἒ

255 399 360 427 Datum
379 392 563 427 Avenione.

262 660 275 686 Ι
298 659 380 697 (kal.)
401 663 453 688 oct.
470 659 559 688 4319.

370 820 438 848 Uts

371 1033 405 1061 Ut
423 1041 446 1060 s.

367 1192 404 1220 Ut
420 1202 442 1220 s.

309 1243 314 1247 ”
345 1236 376 1264 Τ.
396 1237 467 1264 XVI.

352 1300 403 1328 -Ut
422 1308 445 1328 S.

368 1460 402 1489 Ut
421 1469 444 1489 s.

365 1621 400 1649 Ut
421 1629 445 1649 s.

366 1728 436 1757 Uts

365 2157 403 2186 Ut
422 2166 446 2185 s.

308 2202 354 2230 Gr.
370 2210 422 2238 pro
438 2203 505 2231 Deo.

365 2371 400 2399 Ut
421 2380 444 2399 s.

315 2416 346 2444 T.
364 2417 410 2450 XI,
426 2417 498 2444 XIII.

222 2639 278 2673 (vu
291 2645 358 2665 non.
372 2639 442 2673 oct.)
454 2639 493 2667 sic
505 2639 592 2668 1319.

317 2683 350 2712 Τ.
367 2683 413 2718 x1,
429 2684 500 2712 XIII.

235 2905 311 2942 2(νι
327 2906 410 2943 non.)
425 2909 477 2935 oct.
495 2906 582 2935 1319.

622 305 796 337 JOANNIS
819 305 938 336 PAPAE
959 305 1061 336 XXII.
1087 306 1334 344 (1316-1334).
1357 323 1395 328 —
1417 305 1604 336 LITTERAE
1627 306 1851 338 COMMUNES
2212 313 2249 342 13

620 500 621 508 ’
651 499 725 534 ciis,
751 500 934 530 dummodo
963 508 1029 531 non
1046 499 1115 530 sint
1141 499 1351 539 quaestuarii,
1372 499 1610 540 eleemosynas
1634 501 1810 533 annuatim
1838 501 2080 542 irrogantibus,
2099 512 2176 535 cum
2202 505 2251 537 in-

652 552 745 584 dulto
761 554 797 584 ut
824 553 874 584 e1s
892 553 926 583 in
949 552 1034 583 locis
1052 552 1245 584 interdictis
1270 552 1445 592 sepultura
1469 561 1535 584 non
1554 555 1706 593 negetur,
1724 555 1804 594 quia
1823 563 1912 594 papa
1929 556 2072 596 suscipit
2090 556 2170 589 illos
2186 558 2250 590 sub

627 635 631 639 ,
651 606 859 645 protectione
876 614 948 637 sua.
967 605 1019 644 (A.
1040 607 1089 643 13,
1111 605 1133 637 f.
1153 607 1192 637 57
1215 605 1249 642 ¹²3
1270 605 1305 636 V.
1321 607 1370 643 70,
1388 614 1440 645 ep.
1457 606 1524 646 91.)
1694 643 1705 653 ·

698 655 832 688 10410.
847 677 886 681 —
903 658 1037 699 Indulg.
1052 668 1094 689 x1⁴
1119 658 1252 689 dierum
1276 658 1530 690 conferentibus
1546 659 1678 699 aliquid
1701 660 1741 691 de
1757 660 1857 692 bonis
1875 661 1948 692 suis
1965 662 2007 693 ad
2022 665 2252 697 conservatio-

652 721 730 744 nem
745 713 779 743 et
795 712 1014 743 refectionem
1029 711 1145 751 pontis
1162 720 1223 751 per
1240 720 1328 751 mag.
1348 713 1380 742 et
1398 711 1492 743 fratr.
1511 712 1692 752 hospitalis
1713 714 1752 744 de
1770 714 1933 752 Fitecelo,
1950 715 2076 747 Lucan.
2092 717 2152 755 di.,
2169 718 2252 750 olim

652 765 836 797 constructi
852 774 956 805 supra
968 765 1094 795 flumen
1105 764 1200 801 Arni,
1211 764 1269 794 ubi
1278 764 1376 795 valde
1393 765 1582 804 periclitari
1597 766 1739 797 solebat.
1757 767 1812 807 (A.
1827 769 1877 804 13,
1892 768 1914 799 f.
1932 770 1970 800 57
1979 779 1988 806 ς
2008 769 2040 799 V.
2057 771 2106 808 70,
2120 779 2173 811 ep.
2184 772 2252 812 92.)

698 815 832 847 10411.
849 836 888 840 -
902 816 991 848 Unio.
1009 817 1174 857 archiepis
1186 822 1215 847 et
1230 818 1318 858 ep.is,
1334 827 1369 847 ac
1381 817 1463 855 abb„
1476 818 1643 858 prioribus,
1660 819 1793 856 decanis,
1809 821 1969 858 archiolis,
1985 832 2096 863 praep„
2108 823 2252 865 plebanis

651 876 679 902 et
698 870 768 902 aliis
796 870 1005 902 ecclesiasticis
1020 869 1170 911 praelatis,
1187 870 1228 913 ad
1254 881 1328 911 quos
1345 870 1454 901 litterae
1482 872 1547 901 istae
1559 873 1764 912 pervenerint,
1782 874 1895 904 mand.
1913 876 1950 905 ut
1964 883 2032 907 non
2051 878 2251 916 permittant

651 925 828 956 molestari
857 933 944 964 mag.
969 925 1002 956 et
1020 924 1117 955 fratr.
1140 924 1322 963 hospitalis
1350 924 1390 955 de
1406 925 1593 964 Altopassu
1618 925 1785 965 jamdicti,
1805 928 1838 958 et
1855 928 1991 959 restitui
2018 929 2142 963 faciant
2164 932 2251 972 ipsis

651 974 765 1010 omnia
786 977 874 1009 bona
894 987 955 1018 per
971 986 1203 1018 quoscumque
1220 978 1367 1009 detenta.
1386 978 1439 1017 (A.
1458 981 1506 1015 13,
1523 978 1545 1008 f.
1565 980 1623 1016 573
1646 978 1679 1010 V.
1696 981 1745 1016 70,
1762 989 1814 1020 ep.
1833 980 1900 1020 93.)

696 1028 831 1060 10412.
851 1049 889 1053 -
906 1030 996 1061 Eisd.
1018 1035 1047 1060 et
1060 1030 1281 1061 cathedralium
1298 1030 1371 1061 eccl.
1389 1030 1534 1072 capitulis
1550 1032 1664 1063 mand.
1675 1033 1712 1064 ut
1728 1035 1942 1073 compescant
1957 1034 2177 1076 presbyteros
2193 1039 2252 1078 qui

649 1093 737 1125 mag.
757 1085 789 1116 et
807 1084 930 1116 fratres
954 1084 1133 1123 praedictos
1159 1084 1202 1115 ad
1227 1093 1313 1124 opus
1330 1093 1520 1124 pauperum
1541 1085 1725 1125 praedicare
1755 1095 1793 1117 ac
1820 1087 2059 1128 eleemosynas
2088 1098 2251 1129 quaerere,

646 1138 744 1178 juxta
759 1138 792 1170 S.
809 1140 848 1170 A.
866 1138 1002 1176 indult.‚
1026 1138 1063 1169 in
1078 1138 1159 1169 eccl.
1178 1138 1251 1169 suis
1266 1146 1334 1169 non
1349 1138 1536 1178 patiuntur.
1556 1138 1609 1178 (A.
1627 1140 1676 1177 13,
1694 1139 1717 1170 f.
1741 1139 1824 1176 58113
1845 1140 1880 1172 V.
1901 1142 1951 1178 70,
1968 1150 2021 1181 ep.
2037 1144 2103 1180 94.)

696 1188 830 1221 10413.
848 1209 885 1215 -
902 1191 994 1222 Eisd.
1013 1191 1126 1222 mand.
1142 1192 1179 1222 ut
1196 1191 1395 1232 permittant
1410 1192 1519 1223 dictos
1534 1191 1657 1224 fratres
1672 1193 1708 1224 in
1726 1193 1806 1225 eccl.
1826 1193 1876 1225 eis
1892 1193 2053 1234 subjectis
2067 1196 2253 1239 eleemosy-

649 1255 712 1277 nas
726 1247 851 1286 petere.
870 1245 921 1286 (A.
942 1247 991 1282 13,
1010 1245 1034 1276 f.
1056 1246 1116 1281 58;
1140 1245 1177 1276 V.
1193 1246 1244 1282 70,
1264 1254 1316 1285 ep.
1333 1245 1400 1285 95.)

696 1296 829 1328 10414.
847 1317 884 1322 -
900 1298 1062 1330 Praedictis
1089 1298 1244 1339 fratribus
1268 1298 1432 1339 indulget.
1460 1300 1510 1337 ut,
1528 1300 1628 1339 prout
1658 1300 1864 1338 Alexander,
1884 1300 2042 1333 Clemens
2070 1303 2119 1335 IV
2133 1305 2166 1335 et
2181 1305 2254 1337 Cle-

650 1362 747 1385 mens
757 1353 788 1384 V
799 1353 850 1384 eis
861 1353 1113 1387 concesserunt,
1127 1361 1196 1384 non
1206 1353 1384 1384 teneantur
1398 1353 1439 1384 ad
1454 1353 1709 1393 praestationem
1723 1353 1916 1394 aliquarum
1929 1355 2160 1395 collectarum,
2173 1358 2253 1389 sub-

651 1407 818 1438 sidiorum
829 1407 861 1438 et
873 1406 1017 1438 aliarum
1030 1406 1245 1438 exactionum
1256 1415 1316 1446 per
1326 1406 1359 1438 S.
1378 1406 1420 1437 A.
1437 1406 1732 1446 imponendarum.
1749 1407 1801 1446 (A.
1821 1409 1870 1445 13,
1887 1407 1910 1438 f.
1927 1409 1967 1440 59
1975 1418 1985 1445 3
2002 1408 2036 1440 V.
2054 1411 2103 1446 70,
2116 1419 2169 1451 ep.
2186 1412 2253 1452 96.)

697 1457 832 1490 10415.
851 1476 891 1482 -
904 1459 997 1491 Eisd.
1013 1459 1109 1500 fratr.
1127 1459 1306 1500 indulget„
1321 1460 1363 1490 ad
1381 1460 1491 1491 instar
1505 1460 1694 1492 Innocentii
1712 1461 1745 1492 et
1761 1460 1947 1492 Clementis
1966 1463 2008 1500 V,
2025 1464 2062 1494 ut
2084 1464 2170 1495 nulli
2187 1465 2253 1497 dic-

650 1516 704 1546 tas
726 1514 898 1551 collectas,
922 1514 994 1545 sive
1019 1513 1164 1554 pedagia
1180 1522 1241 1545 seu
1264 1513 1460 1544 exactiones
1485 1514 1666 1545 teneantur
1688 1514 1859 1546 exhibere.
1887 1515 1938 1555 (A.
1959 1516 2008 1554 13,
2025 1516 2048 1548 f.
2065 1517 2106 1549 59
2118 1527 2127 1554 ς
2149 1517 2185 1549 V.
2202 1520 2251 1555 70,

651 1577 704 1608 ep.
720 1569 785 1606 97.)

697 1618 830 1650 10416.
851 1639 888 1644 -
905 1620 1093 1661 Archiep.is‚
1111 1620 1199 1661 epis,
1216 1624 1273 1650 etc.
1292 1620 1405 1651 mand.
1425 1621 1462 1651 ut
1476 1620 1683 1661 supradictis
1700 1621 1864 1652 fratribus
1882 1621 1917 1653 in
1932 1622 2150 1662 acquirendis
2167 1625 2253 1657 elee-

650 1675 807 1715 mosynis
823 1674 992 1706 auxilium
1009 1674 1192 1714 praebeant.
1213 1673 1265 1714 (A.
1286 1675 1334 1711 13,
1351 1674 1374 1705 f.
1391 1675 1453 1710 59;
1478 1673 1509 1704 V.
1527 1675 1577 1709 70,
1594 1683 1647 1714 ep.
1664 1674 1731 1714 98.)

696 1728 708 1740 ”
724 1725 857 1758 10417.
877 1745 914 1751 -
929 1727 1017 1768 Ep.o
1039 1727 1197 1767 Nepesin.,
1215 1727 1283 1758 ΡΡ.
1299 1727 1332 1757 in
1345 1726 1563 1768 spiritualibus
1578 1728 1612 1758 in
1628 1727 1708 1759 Urbe
1722 1728 1850 1766 vicario,
1864 1729 1977 1759 mand.
2000 1731 2036 1761 ut
2054 1729 2205 1770 inquirat
2220 1733 2253 1763 et

651 1782 777 1814 referat
796 1791 839 1813 an
854 1782 1000 1813 monast.
1017 1790 1045 1812 s.
1068 1781 1191 1821 Angeli
1209 1781 1249 1812 de
1266 1780 1493 1818 Vallearcen.‚
1512 1781 1550 1813 O.
1571 1781 1604 1812 S.
1623 1782 1675 1818 B„
1691 1780 1862 1813 TiburtIn.
1880 1782 1940 1819 di.,
1956 1791 2017 1822 per
2043 1783 2177 1815 litteras
2192 1785 2253 1816 Bo-

651 1836 768 1868 nifacii
785 1835 879 1872 VIII,
896 1834 1103 1866 monasterio
1119 1834 1152 1866 S.
1170 1834 1215 1865 M.
1233 1834 1274 1865 de
1289 1834 1486 1871 Palatzolis,
1504 1834 1645 1866 Cisterc.
1671 1834 1756 1870 ord„
1779 1835 1948 1867 Albanen.
1965 1836 2025 1872 di..
2042 1837 2178 1868 unitum
2194 1847 2253 1869 ex-

650 1889 769 1927 titerit,
788 1890 820 1921 et
847 1888 972 1920 referat
989 1888 1156 1928 quidquid
1181 1887 1360 1919 invenerit.
1379 1887 1512 1919 Dicitur
1536 1888 1627 1919 enim
1652 1888 1753 1928 quod,
1771 1897 1847 1919 cum
1873 1889 1941 1921 ΡΡ.
1958 1889 2086 1921 dictum
2105 1893 2251 1924 monast.

651 1952 678 1975 s.
695 1942 817 1983 Angeli
832 1941 1008 1974 sororibus
1024 1950 1052 1972 s.
1069 1941 1246 1972 Laurentii
1264 1941 1298 1972 in
1322 1941 1533 1982 panisperna
1552 1942 1592 1973 de
1608 1941 1700 1973 Urbe
1713 1942 1900 1980 donaverit,
1915 1944 2114 1975 executores
2130 1944 2253 1977 fratres

649 1997 848 2029 Cistercien.
867 1995 953 2032 ord.‚
972 1996 1006 2026 in
1030 2004 1069 2026 eo
1088 1996 1274 2032 morantes,
1298 1994 1464 2026 violenter
1482 2003 1524 2026 ex
1540 2004 1579 2026 eo
1598 1994 1779 2035 ejecerunt.
1796 1995 1993 2036 Sequuntur
2011 1996 2134 2029 litterae
2151 1999 2254 2030 Boni-

650 2050 731 2082 facii
758 2050 840 2082 VIII
864 2049 919 2089 (D.
939 2048 1114 2089 Anagniae,
1136 2058 1171 2079 ix
1199 2048 1268 2079 kal.
1299 2049 1385 2085 dec„
1403 2052 1435 2079 a‘·
1456 2049 1543 2087 v111‚)
1560 2050 1593 2080 et
1621 2048 1765 2080 Joannis
1792 2049 1893 2080 XXII
1909 2050 1962 2088 (D.
1979 2050 2167 2089 Avenione‚
2183 2052 2252 2084 kal.

650 2113 741 2144 aug.,
757 2108 788 2135 a⁰
807 2105 856 2142 11.)

696 2154 831 2187 10418.
848 2175 886 2180 -
902 2156 981 2188 Abb.
998 2160 1128 2186 monast.
1140 2155 1176 2186 de
1186 2155 1364 2192 Sassovino,
1380 2155 1541 2196 Fulqinac.
1569 2155 1624 2191 di.,
1640 2156 1752 2187 mand.
1772 2157 1810 2187 ut
1826 2155 1981 2188 absolvat
1997 2157 2170 2189 Andream
2186 2159 2255 2191 Do-
2289 2190 2292 2194 ,

649 2212 722 2244 nati
740 2211 781 2243 de
789 2210 915 2251 Spello,
933 2209 1047 2250 presb.
1063 2209 1237 2250 Spoletan.
1249 2209 1309 2246 di.,
1326 2209 1366 2240 de
1384 2218 1515 2240 excom.
1531 2209 1670 2241 incursa
1686 2218 1729 2240 ex
1747 2218 1786 2240 eo
1800 2209 1902 2250 quod,
1918 2210 2023 2241 falsas
2037 2211 2170 2243 litteras
2190 2212 2254 2244 sub

649 2265 786 2297 nomine
811 2263 997 2296 Clementis
1020 2263 1088 2294 ΡΡ.
1108 2264 1138 2295 V
1156 2263 1223 2294 sibi
1242 2262 1407 2301 faciendo,
1426 2262 1581 2294 habitum
1608 2263 1648 2294 O.
1667 2263 1712 2294 M.
1738 2262 1780 2294 ab
1804 2263 1879 2303 ipso
1902 2263 2049 2303 professi
2065 2264 2254 2306 derelique-

650 2320 713 2351 rat.
740 2318 791 2357 (A.
813 2320 861 2356 13,
877 2317 900 2349 f.
916 2318 993 2354 2903
1018 2317 1054 2349 V.
1073 2318 1123 2352 70,
1139 2325 1190 2356 ep.
1208 2316 1296 2356 274.)

695 2369 830 2402 10419.
850 2389 889 2394 -
910 2370 1132 2411 Chrisloplzoro
1148 2374 1218 2400 nato
1232 2369 1389 2401 Guillelmi
1397 2369 1434 2400 de
1452 2370 1587 2407 Canaco,
1602 2369 1731 2402 consid.
1746 2369 1888 2402 Roberti
1904 2371 1995 2410 regiS
2010 2371 2146 2407 Siciliae,
2157 2380 2251 2412 prov.

649 2435 767 2458 canon.
789 2425 852 2456 sub
870 2434 966 2464 exsp.
993 2424 1097 2464 praeb.
1121 2424 1202 2456 eccl.
1226 2424 1435 2456 Brundusin.
1454 2432 1492 2454 ac
1508 2423 1620 2455 benef.
1648 2432 1675 2454 s.
1697 2432 1724 2454 c.
1743 2425 1794 2463 (40
1819 2432 1895 2454 unc.
1913 2424 1999 2462 auri)
2016 2424 2051 2455 in
2073 2425 2180 2462 civit„
2199 2426 2253 2457 vel

649 2480 695 2511 di.
716 2480 774 2511 aut
798 2478 973 2519 provincia
999 2477 1207 2510 Brundusin.
1223 2494 1261 2499 —
1285 2477 1312 2509 I.
1331 2485 1359 2508 e.
1377 2486 1422 2508 m.
1440 2476 1516 2508 abb.
1538 2479 1684 2508 monast.
1704 2486 1731 2508 s.
1747 2476 1940 2509 Sebastiani
1966 2477 2196 2517 Neapolitan.‚
2215 2487 2252 2510 ac

650 2542 738 2574 mag.
763 2533 956 2565 Benevento
978 2532 1019 2563 de
1041 2532 1210 2569 Morrone,
1237 2531 1480 2569 Beneventan„
1499 2532 1530 2562 et
1553 2530 1739 2562 Guillelmo
1762 2530 1802 2561 de
1820 2539 1848 2561 s.
1865 2530 2014 2568 Victore,
2039 2531 2251 2571 Agrigentin.

650 2587 730 2619 eccl.
746 2595 818 2618 can.
836 2585 891 2627 (A.
908 2587 957 2623 13,
974 2585 998 2616 f.
1013 2587 1094 2622 2313
1119 2583 1152 2615 V.
1169 2585 1219 2622 70,
1235 2593 1287 2625 ep.
1308 2584 1397 2624 489.)

697 2636 831 2669 10420.
850 2658 888 2663 -
905 2637 1068 2670 Guillelmo
1082 2638 1117 2669 de
1133 2637 1280 2680 Farfians
1298 2638 1412 2669 collat.
1431 2646 1550 2669 canon.
1568 2637 1748 2668 Belvacen.
1769 2636 1849 2668 eccl.
1862 2635 1926 2667 sub
1940 2645 2037 2676 exsp.
2052 2636 2156 2676 praeb.
2174 2646 2253 2669 con-

651 2693 716 2725 sid.
736 2693 880 2725 Joannis
902 2692 969 2733 ep.i
991 2692 1168 2724 Belvacen.
1197 2691 1294 2732 cujus
1314 2692 1365 2723 est
1385 2700 1458 2731 cap.
1475 2692 1507 2722 et
1527 2690 1647 2728 famil„
1666 2699 1734 2721 non
1757 2689 1844 2721 obst.
1862 2689 1996 2729 paroch.
2011 2689 2093 2721 eccl.
2112 2690 2153 2722 de
2169 2690 2252 2723 Cha-

650 2746 842 2784 vimicuria‚
862 2745 1108 2786 Rothomagen.
1127 2745 1174 2776 di.
1193 2762 1232 2768 —-
1249 2745 1275 2776 I.
1292 2753 1321 2776 e.
1346 2753 1391 2775 m.
1417 2744 1603 2776 Guillelmo
1623 2743 1664 2774 de
1680 2743 1767 2774 Rivo
1789 2742 1990 2774 cancellario
2009 2742 2201 2782 Belvacen.,
2219 2746 2252 2776 et

651 2799 815 2832 Gervasio
829 2799 869 2831 de
884 2800 1009 2836 Buseo,
1025 2798 1264 2836 Silvanectum,
1282 2806 1319 2829 ac
1333 2797 1483 2830 Oliverio
1498 2797 1539 2828 de
1554 2795 1716 2836 Capellis,
1729 2795 1930 2827 Noviomen.
1946 2804 2019 2826 can.
2036 2796 2116 2828 eccl.
2132 2797 2185 2837 (A.
2200 2799 2249 2836 13,

653 2852 676 2884 f.
696 2854 734 2884 79
750 2852 785 2890 ι’;
811 2852 841 2883 V.
860 2853 910 2890 70,
923 2861 976 2892 ep.
993 2853 1082 2891 409.)

699 2902 833 2934 10421.
854 2923 892 2929 -
905 2905 991 2946 Epa
1014 2904 1193 2942 Car-molen„
1212 2909 1241 2935 et
1265 2903 1385 2935 archid.
1402 2903 1531 2941 Elnen„
1551 2913 1586 2933 ac
1598 2901 1772 2933 Raimundo
1790 2901 1827 2933 de
1843 2901 1960 2941 Ucetia,
1978 2911 2047 2934 can.
2071 2902 2250 2942 Cmnoten„

653 2958 768 2990 mand.
786 2958 824 2989 ut
840 2958 972 2991 Simoni
995 2958 1131 2990 Mathaei
1150 2959 1190 2989 de
1203 2957 1396 2990 Gaunillari
1414 2957 1589 2989 conferant
1602 2955 1737 2996 paroch.
1758 2955 1838 2987 eccl.
1858 2955 1898 2987 de
1915 2955 2110 2995 Gambesio‚
2127 2957 2251 2989 Carno-

652 3013 722 3043 ten.
741 3011 800 3049 di.,
820 3020 891 3043 vac.
915 3019 975 3051 per
995 3011 1233 3043 dimissionem
1254 3020 1272 3042 a
1298 3010 1381 3051 Ligo
1399 3010 1439 3042 de
1464 3009 1678 3047 Urheveteri,
1696 3009 1823 3040 decano
1838 3008 2046 3046 Medunten.,
2067 3009 2174 3050 ejusd.
2190 3010 2249 3046 di.,
