2566 3562
722 0 737 24 f.
749 0 926 18 'nmqu‘r
938 0 973 7 -·‹·
988 0 1062 14 τ’*ῃν-,ῑ
1099 0 1117 9 ff
1135 0 1182 10 «vv
1197 0 1224 17 χ’
1240 0 1298 10 ’,ΠΜ
1316 3 1323 7 ψ
1338 0 1346 10 -z
1366 0 1371 6 ι·
1383 0 1401 10 ,Ἡ
1418 0 1462 18 Ἰ,ψ-

602 335 775 366 JOANNIS
799 336 917 367 PAPAE
939 336 1040 368 XXII.
1065 337 1313 378 (1316-1334).
1337 356 1375 361 —
1397 338 1583 369 LITTERAE
1606 339 1658 370 DE
1680 340 1803 371 CURIA
2159 346 2218 377 159

225 430 327 458 Datum
349 423 534 458 Avenione.

203 531 224 559 2
237 534 280 568 (tv
294 531 374 566 non.)
381 531 450 566 jun.
467 531 554 559 1320.
668 527 802 558 12112.
821 549 858 553 -
876 529 1065 560 Rern-andus
1077 540 1100 561 s.
1119 529 1261 560 Marcelli
1274 530 1375 571 presb.
1393 530 1477 561 card.
1496 531 1715 562 constituitur
1728 532 1899 571 paciarius
1916 533 2048 574 legatus
2064 525 2157 567 Ass.
2176 535 2219 567 ad

621 584 736 622 partes
750 582 973 619 Lombardiae,
993 583 1135 621 Tusciae,
1156 586 1189 614 et
1207 583 1293 614 alias
1306 584 1500 623 provincias
1517 584 1770 615 Patriarchatus
1791 587 1823 616 et
1842 587 1951 618 terras
1972 587 2091 625 Italiae,
2112 588 2144 619 et
2162 588 2217 619 da-

620 637 676 667 tur
699 635 767 666 sibi
789 637 940 675 potestas
962 636 1164 675 procedendi
1191 636 1226 666 in
1249 645 1366 667 omnes
1390 637 1566 668 venientes
1590 639 1706 668 contra
1722 638 1873 669 officium
1895 639 1962 670 sibi
1982 640 2214 673 commissum.

621 689 676 729 (V.
693 690 742 726 70,
760 698 812 728 ep.
832 690 900 725 146,
919 688 954 718 de
969 698 1051 725 cur.;
1067 689 1250 728 Raynalffl,
1266 689 1402 719 Annales
1416 688 1620 727 ecclesiastici,
1637 692 1726 728 1320,
1742 690 1756 730 ξ
1771 692 1828 730 Χ.)

339 744 375 772 Ut
391 753 415 772 s.
668 739 803 771 12113.
828 759 865 764 -—
891 741 1057 772 Sci-ibitur
1079 741 1251 773 universis
1273 742 1422 781 praelatis
1445 744 1478 773 et
1498 744 1655 779 personis
1673 743 1913 775 ecclesiasticis
1931 747 1964 777 et
1981 745 2167 785 nobilibus,
2186 749 2218 779 et

621 794 923 826 communitatibus
937 794 1026 833 quod
1040 794 1198 825 obediant
1210 796 1241 825 et
1253 795 1430 826 intendant
1442 796 1601 834 praedicto
1618 796 1793 827 cardinali.
1806 796 1859 836 (V.
1877 798 1925 834 70,
1938 806 1990 837 ep.
2007 801 2075 837 147,
2088 799 2125 830 de
2137 801 2217 838 cur.)

338 850 374 878 Ut
393 858 418 878 s.
668 843 803 877 12114.
820 864 858 869 -
875 847 989 886 Leqato
1005 856 1096 878 conc.
1115 849 1152 878 ut
1170 847 1279 886 possit
1296 848 1333 878 B.
1351 848 1593 887 Apostolorum
1614 848 1734 879 limina
1753 851 1784 880 et
1801 850 1869 880 alia
1891 850 1995 882 Urbis
2012 853 2215 890 sanctuaria,

621 901 755 940 quando
772 902 805 932 et
823 901 957 940 quoties
979 900 1137 937 voluerit,
1160 900 1233 931 sine
1249 900 1443 940 praejudicio
1461 909 1530 931 suae
1550 901 1730 940 legationis
1747 903 1970 941 personaliter
1987 904 2139 942 visitare,
2156 905 2218 936 ibi-

621 961 686 993 que
708 953 924 989 immorandi,
943 961 1071 984 necnon
1094 961 1132 983 ea
1157 961 1231 992 quae
1253 953 1294 983 ad
1314 953 1548 984 executionem
1572 962 1641 985 suae
1662 954 1842 994 legationis
1860 956 2005 995 pertinet
2022 957 2106 988 inibi
2123 966 2215 989 exer·

621 1006 728 1037 cendi.
749 1005 800 1046 (V.
819 1007 870 1043 70,
884 1015 936 1045 ep.
959 1007 1028 1044 148,
1045 1005 1081 1036 de
1099 1006 1178 1046 cur.)

341 1061 377 1090 Ut
397 1070 420 1090 s.
667 1056 802 1088 12115.
819 1076 857 1080 -
873 1059 986 1089 Eidem
999 1059 1101 1090 facul.
1124 1059 1350 1099 compellendi
1369 1059 1527 1098 praelatos
1545 1059 1788 1100 cujuscumque
1802 1061 1977 1100 dignitatis
1993 1062 2169 1094 extiterint
2185 1065 2218 1095 et

621 1112 707 1143 alias
723 1113 897 1152 regulares
914 1113 946 1143 et
962 1113 1142 1143 saeculares
1160 1121 1323 1152 personas
1341 1113 1383 1143 ad
1402 1112 1684 1144 contribuendum
1706 1113 1741 1144 in
1761 1115 2056 1153 procurationibus
2079 1116 2145 1147 sibi
2164 1117 2219 1148 de-

620 1165 714 1197 bitis.
733 1166 788 1205 (V.
804 1167 854 1203 70,
873 1175 925 1205 ep.
943 1167 1012 1202 149,
1028 1165 1063 1196 de
1079 1166 1158 1203 cur.)

337 1221 373 1249 Ut
388 1229 412 1249 s.
667 1216 803 1249 12116.
821 1236 859 1241 -
879 1218 989 1249 Eidem
1007 1218 1152 1250 facultas
1167 1218 1391 1258 compellendi
1408 1219 1565 1258 praelatos
1581 1221 1614 1250 et
1631 1219 1718 1251 alias
1735 1228 1825 1259 pers.
1841 1220 2028 1252 ecclesiast.
2045 1221 2218 1261 regulares

620 1274 654 1304 et
671 1273 851 1304 saeculares
866 1273 1108 1312 quuscumque
1126 1272 1331 1303 conditionis
1348 1272 1523 1304 extiterint
1538 1273 1579 1303 ad
1595 1273 1842 1312 providendum
1861 1274 1901 1304 de
1916 1274 2119 1305 necessariis
2135 1283 2217 1306 nun-

621 1326 684 1357 ciis
697 1334 782 1366 quos
797 1334 858 1366 pro
875 1325 1069 1357 commissis
1085 1325 1152 1356 sibi
1169 1325 1314 1365 negotiis
1330 1325 1526 1358 destinabit.
1549 1325 1599 1364 (V.
1618 1327 1668 1364 70,
1684 1335 1736 1366 ep.
1755 1328 1824 1365 150,
1842 1326 1878 1357 de
1893 1327 1975 1367 cur.)

337 1381 371 1409 Ut
391 1389 416 1409 s.
667 1377 802 1408 12117.
824 1397 862 1402 -
886 1379 998 1409 Eidem
1020 1378 1163 1410 facultas
1189 1379 1410 1419 dispensandi
1426 1388 1502 1410 cum
1520 1388 1609 1419 pers.
1630 1380 1819 1411 ecclesiast.
1840 1389 1909 1412 suae
1930 1380 2111 1420 legationis
2133 1382 2166 1412 et
2182 1381 2219 1412 in

622 1433 809 1464 sacerdotio
823 1432 1018 1464 constitutis
1035 1440 1137 1471 super
1154 1432 1402 1471 irregularitate
1417 1441 1518 1472 quam
1532 1433 1762 1464 contraxerint
1773 1442 1849 1464 cum
1867 1433 1936 1464 sint
1951 1442 2126 1473 suspensae
2142 1443 2160 1464 a
2171 1433 2220 1464 di-

621 1486 711 1517 vinis
729 1495 789 1526 pro
807 1494 845 1517 eo
865 1483 956 1526 quod
968 1485 1204 1517 benedixerint
1217 1486 1383 1516 secundas
1398 1485 1546 1525 nuptias.
1567 1486 1618 1523 (V.
1636 1486 1688 1523 70,
1705 1495 1757 1526 ep.
1774 1488 1843 1524 151,
1862 1485 1898 1516 de
1915 1488 1995 1526 cur.)

332 1541 368 1569 Ut
388 1549 411 1568 s.
667 1536 801 1568 12118.
824 1557 862 1561 -
875 1538 953 1569 Eid.
973 1547 1064 1570 conc.
1082 1539 1171 1578 quod
1189 1538 1381 1570 evectiones
1395 1538 1506 1578 possit
1522 1539 1644 1570 ducere
1658 1540 1739 1578 quot
1752 1548 1812 1578 pro
1827 1539 2021 1570 commissis
2036 1538 2102 1570 sibi
2118 1548 2219 1579 nego-

619 1593 680 1624 tiis
693 1593 817 1624 viderit
832 1592 1004 1632 expedire.
1027 1591 1079 1630 (V.
1095 1593 1145 1630 70,
1162 1600 1214 1631 ep.
1231 1593 1300 1629 152,
1318 1591 1355 1622 de
1369 1592 1449 1632 cur.)

336 1646 372 1676 Ut
389 1656 413 1675 s.
667 1643 801 1676 12119.
819 1663 858 1669 -
874 1645 951 1675 Eid.
969 1653 1062 1676 conc.
1075 1646 1113 1676 ut
1126 1645 1235 1685 possit
1247 1654 1418 1676 assumere
1436 1647 1468 1676 et
1480 1645 1625 1676 retinere
1637 1646 1678 1675 ad
1694 1654 1755 1676 sua
1771 1645 1933 1685 obsequia
1947 1645 2125 1685 religiosas
2142 1654 2217 1685 per·

620 1708 722 1731 sonas
741 1699 862 1736 Praed.‚
876 1699 957 1730 Min.
971 1700 1003 1729 et
1021 1698 1167 1730 aliorum
1183 1699 1255 1729 ord.
1273 1698 1392 1738 eisque
1408 1698 1486 1729 dare
1504 1698 1677 1729 licentiam
1693 1699 1868 1738 equitandi
1885 1699 1918 1729 et
1935 1699 2094 1730 vescendi
2110 1699 2224 1730 carni-r

619 1752 695 1784 bus.
714 1752 770 1793 (V.
786 1753 835 1790 70,
853 1761 905 1792 ep.
921 1753 991 1788 153,
1012 1751 1048 1782 de
1065 1753 1143 1790 cur.)

335 1807 369 1834 Ut
387 1815 411 1834 s.
666 1803 802 1835 12120.
825 1822 864 1828 -
885 1804 962 1835 Eid.
992 1814 1084 1836 conc.
1113 1805 1202 1844 quod
1224 1804 1334 1844 possit
1357 1813 1514 1836 exercere
1539 1813 1718 1835 censuram
1743 1804 1929 1836 ecclesiast.
1958 1805 1993 1835 in
2018 1813 2135 1835 omnes
2160 1804 2218 1844 qui

619 1859 656 1890 in
676 1859 796 1898 eundo,
819 1859 938 1890 stando
963 1860 996 1889 et
1020 1858 1190 1889 redeundo
1213 1858 1302 1889 circa
1326 1858 1440 1897 ipsum
1463 1858 1518 1889 vel
1539 1858 1704 1888 familiam
1727 1866 1824 1889 suam
1848 1857 2006 1897 injuriosi
2028 1858 2216 1889 extiterint.

620 1912 673 1953 (V.
692 1914 742 1949 70,
760 1921 811 1952 ep.
833 1914 903 1949 154,
923 1910 959 1942 de
977 1913 1056 1949 cur.)

335 1966 370 1995 Ut
389 1975 413 1995 s.
666 1963 802 1995 12121.
823 1983 862 1988 -
881 1964 958 1995 Eid.
976 1973 1067 1996 conc.
1089 1964 1179 2004 quod
1201 1964 1311 2004 possit
1327 1964 1538 1995 committere
1556 1965 1588 1995 et
1604 1963 1779 2003 injungere
1797 1963 1961 1995 fratribus
1988 1964 2109 2001 Praed.‚
2133 1964 2218 1996 Min.

620 2021 653 2051 et
670 2019 814 2050 aliorum
836 2019 908 2049 ord.
934 2018 1091 2057 personis
1115 2026 1335 2057 quaecumque
1358 2026 1419 2057 pro
1439 2017 1634 2048 commissis
1656 2016 1722 2048 sibi
1745 2017 1890 2057 negotiis
1906 2017 2028 2048 viderit
2045 2017 2218 2057 expedire.

621 2072 674 2111 (V.
693 2074 742 2110 70,
758 2081 811 2111 ep.
830 2073 899 2109 155,
916 2071 953 2102 de
964 2071 1044 2110 cur.)

336 2125 371 2153 Ut
390 2134 414 2153 s.
667 2123 802 2155 12122.
828 2143 866 2148 -
887 2124 963 2156 Eid.
985 2124 1128 2155 facultas
1155 2123 1377 2164 dispensandi
1403 2132 1479 2154 cum
1508 2123 1658 2163 praelatiS
1684 2126 1716 2154 et
1743 2123 1822 2154 aliis
1846 2132 1947 2163 super
1970 2123 2219 2163 irregularitate

621 2188 723 2219 quam
739 2178 970 2210 contraxerint
984 2177 1121 2209 ferendo
1138 2177 1173 2208 in
1191 2177 1278 2208 alios
1295 2179 1411 2208 contra
1426 2177 1562 2208 constit.
1578 2177 1766 2208 Innocentii
1785 2177 1853 2207 ΡΡ.
1876 2177 1923 2208 IV
1939 2185 2067 2208 excom.
2087 2178 2219 2208 senten-

619 2232 703 2264 tiam
722 2233 795 2263 sine
811 2231 959 2271 scriptis,
977 2232 1009 2262 ct
1025 2239 1092 2262 non
1110 2230 1312 2262 abstinendo
1333 2239 1369 2261 se
1389 2239 1407 2261 a
1422 2230 1549 2261 divinis
1563 2230 1662 2269 juxta
1676 2230 1811 2261 constit.
1831 2230 1952 2269 ipsam,
1972 2230 2027 2261 vel
2045 2231 2217 2261 contraxe-

620 2286 689 2317 rint
703 2285 814 2325 ipsius
833 2285 1001 2325 legatione
1017 2285 1170 2315 durante.
1187 2284 1241 2324 (V.
1259 2284 1308 2322 70,
1327 2292 1379 2323 ep.
1397 2285 1467 2320 156,
1485 2283 1522 2314 de
1532 2283 1611 2323 cur.)

334 2340 368 2368 Ut
388 2349 412 2369 s.
668 2336 804 2369 12123.
830 2356 867 2361 -
890 2337 1001 2368 Eidem
1018 2339 1171 2378 potestas
1189 2337 1352 2377 puniendi
1368 2338 1401 2368 et
1416 2337 1572 2376 privandi
1590 2336 1748 2367 omnibus
1767 2335 1958 2375 privilegiis
1975 2335 2016 2366 ab
2030 2336 2071 2366 A.
2089 2336 2122 2367 S.
2142 2343 2218 2366 con-

620 2392 728 2424 cessis
754 2391 925 2432 quoslibet
942 2391 1132 2431 religiosos,
1155 2390 1398 2430 cujuscumque
1420 2390 1490 2420 ord.
1517 2389 1656 2426 fuerint,
1672 2389 1731 2428 qui
1748 2389 1783 2420 in
1804 2388 1869 2420 sibi
1887 2388 2080 2419 commissis
2099 2396 2217 2427 parere

620 2444 898 2484 contempserint.
914 2444 969 2483 (V.
989 2445 1038 2480 70,
1057 2453 1109 2484 ep.
1129 2445 1198 2481 157,
1217 2443 1254 2474 de
1270 2445 1349 2481 cur.)

333 2499 370 2528 Ut
389 2508 413 2528 s.
666 2495 802 2528 12124.
823 2516 860 2520 —
878 2497 954 2528 Eid.
972 2505 1063 2528 conc.
1085 2497 1176 2537 quod
1192 2496 1314 2536 possit,
1336 2496 1366 2526 si
1384 2495 1554 2535 contingat
1570 2494 1684 2534 egredi
1698 2494 1782 2525 fines
1799 2493 1979 2533 legationis
1995 2501 2074 2529 suae,
2094 2493 2216 2523 iterum

598 2560 600 2563 ·
620 2553 653 2584 et
669 2551 803 2592 quoties
816 2552 1045 2591 opportunum
1061 2550 1164 2581 fuerit
1178 2549 1349 2589 reIngredi
1366 2549 1399 2580 et
1412 2550 1480 2580 tam
1493 2548 1582 2579 intra
1597 2556 1698 2587 quam
1715 2548 1812 2578 extra
1826 2545 2047 2577 commissum
2063 2544 2130 2576 sibi
2146 2545 2217 2576 offi-

619 2606 710 2637 cium
723 2613 892 2636 exercere.
909 2602 962 2644 (V.
981 2605 1032 2639 70,
1048 2612 1100 2643 ep.
1119 2603 1188 2641 158,
1208 2602 1244 2633 de
1261 2603 1341 2641 cur.)

336 2660 370 2688 Ut
389 2669 414 2689 s.
666 2655 801 2688 12125.
822 2675 861 2680 -
877 2656 953 2688 Eid.
971 2665 1063 2688 conc.
1081 2655 1171 2696 quod
1181 2655 1290 2695 possit
1301 2655 1500 2694 dispensare
1514 2662 1590 2684 cum
1601 2652 1757 2692 personis
1771 2651 1949 2691 legationis
1967 2659 2036 2682 suae
2051 2650 2218 2681 defectum

620 2712 786 2743 natalium
808 2709 1029 2750 patientibus,
1051 2718 1128 2740 cum
1151 2708 1277 2740 suerint
1294 2708 1335 2739 de
1360 2708 1482 2744 soluto,
1505 2707 1562 2737 aut
1583 2705 1800 2742 subdiacono,
1824 2704 1876 2735 vel
1899 2703 2039 2734 diacono
2061 2703 2166 2743 geniti
2186 2704 2218 2734 et

621 2765 743 2802 soluta,
764 2772 868 2803 super
886 2763 959 2794 eod.
979 2763 1111 2794 defectu
1128 2762 1182 2793 vel
1208 2770 1310 2801 super
1333 2759 1579 2800 irregularitate
1607 2767 1708 2798 quam
1726 2756 1918 2796 recipiendo
1943 2764 2057 2787 sacros
2082 2755 2218 2787 ordines

621 2818 748 2857 absque
764 2817 797 2848 S.
816 2817 858 2848 A.
875 2815 1013 2847 licentia
1031 2814 1272 2847 contraxerint.
1290 2813 1344 2853 (V.
1362 2814 1412 2850 70,
1431 2821 1483 2852 ep.
1504 2813 1573 2847 159,
1592 2810 1629 2841 de
1642 2812 1719 2849 cur.)

330 2872 367 2902 Ut
390 2882 414 2902 s.
667 2867 802 2900 12120.
816 2887 854 2892 -
869 2868 946 2899 Εἱά.
963 2868 1154 2899 declaratur
1166 2867 1255 2907 quod
1270 2875 1330 2906 per
1345 2875 1384 2897 ea
1396 2874 1469 2905 quae
1483 2866 1561 2896 sunt
1570 2863 1636 2895 sibi
1651 2862 1834 2895 commissa
1848 2861 2041 2902 specialiter
2057 2861 2129 2892 illis
2144 2870 2218 2902 quae

386 2921 389 2924 ”
621 2923 689 2955 sibi
704 2923 835 2954 ratione
849 2921 1032 2962 legationis
1047 2920 1242 2960 competunt
1258 2920 1293 2950 in
1308 2919 1402 2950 nullo
1418 2918 1555 2958 penitus
1574 2917 1763 2957 derogetur.
1783 2914 1835 2955 (V.
1858 2916 1908 2952 70,
1930 2923 1982 2954 ep.
1999 2915 2067 2952 160,
2087 2913 2124 2945 de
2139 2916 2216 2953 cur.)

335 2978 372 3008 Ut
392 2987 413 3007 s.
668 2973 805 3006 12127.
823 2992 861 2998 —-
875 2973 988 3004 Eidem
997 2975 1148 3013 potestas
1161 2971 1341 3004 exercendi
1353 2979 1531 3002 censuram
1547 2969 1733 3001 ecclesiast.
1747 2968 1781 2999 in
1793 2967 2014 3008 patriarchas,
2026 2966 2215 3007 archiep.0s

564 3051 567 3054 <
622 3031 654 3061 et
671 3036 778 3069 ep.os,
799 3017 957 3068 praelato's
976 3027 1008 3058 et
1031 3026 1110 3058 cler.
1128 3025 1226 3060 alios.
1246 3025 1445 3061 conventus,
1462 3022 1610 3062 capitula
1632 3030 1762 3054 necnon
1780 3021 1934 3057 comites,
1951 3020 2096 3051 barones
2113 3021 2145 3052 et
2161 3028 2217 3052 no·
