2566 3562
243 439 345 467 Datum
363 435 386 468 A
394 434 544 468 ventione.

208 648 230 675 6
249 647 317 684 (vm
337 647 389 683 id.)
402 647 469 682 jem.
490 647 578 676 1321.

340 692 371 719 Τ.
392 691 448 720 XL.

227 807 244 835 7
259 810 314 842 (vn
330 808 381 841 id.)
392 808 459 842 jan.
479 808 568 836 1321.

340 853 371 880 Τ.
393 852 449 880 ΧΧ.

354 968 389 996 Ut
413 976 437 996 s,

334 1013 365 1039 Τ.
386 1012 456 1039 XVI.

355 1128 392 1156 Ut
412 1137 435 1156 S.

329 1172 361 1200 Τ.
383 1172 461 1200 111¹¹.

229 1394 248 1422 8
264 1394 307 1430 (vr
326 1394 378 1431 id.)
391 1394 456 1429 Jan.
477 1395 564 1423 1321.

302 1440 332 1467 T.
354 1439 400 1472 XI,
420 1439 493 1477 XIII.

360 1660 397 1688 Ut
418 1669 440 1688 s.

329 1705 359 1732 T.
377 1705 471 1732 XXVI.

364 1873 399 1901 Ut
412 1881 435 1900 s.

323 1917 355 1944 T.
371 1917 405 1950 Χ,
419 1917 478 1944 XII.

238 2085 261 2112 9
275 2088 306 2120 (v
325 2085 454 2120 id.)jan.
475 2085 563 2113 1321.

333 2130 363 2158 T.
386 2129 463 2158 Iun.

364 2404 399 2432 Ut
415 2412 438 2432 s.

346 2449 377 2476 T.
397 2448 455 2478 XII.

363 2722 400 2750 Ut
419 2730 442 2749 s.

312 2766 344 2794 T.
365 2766 410 2799 XI,
427 2766 499 2794 XIII.

366 2882 403 2910 Ut
422 2891 445 2910 s.

314 2927 347 2954 T.
366 2927 412 2961 XI,
426 2926 496 2954 XIII.

604 348 777 379 JOANNIS
801 348 918 379 PAPAE
940 348 1042 379 XXII.
1066 349 1313 387 (1316-1334).
1337 366 1375 370 —
1397 347 1583 377 LITTERAE
1606 345 1830 377 COMMUNES
2172 348 2227 378 231

634 541 789 572 idoneam
819 541 993 581 repererit,
1026 541 1125 581 eique
1151 549 1276 572 munus
1308 540 1556 572 benedIctionis
1571 540 1756 579 impendat.
1783 539 1834 578 (A.
1863 541 1912 574 14,
1944 540 1966 571 f.
1985 541 2041 572 201
2058 545 2087 576 ³5
2117 539 2150 571 V.
2182 542 2232 578 71,

634 603 686 634 ep.
703 595 789 632 275.)

681 645 815 676 12819.
831 665 867 670 —-
886 647 1106 687 Osnaburqen.,
1120 652 1147 677 et
1162 646 1379 683 Hildesemen.,
1392 657 1427 676 ac
1445 646 1492 678 bb.
1506 646 1593 676 Petri
1609 651 1637 676 et
1651 645 1782 677 Andreae
1796 646 2002 687 apostolorum
2016 646 2231 678 Padeburnen.

635 700 708 731 eccl.
738 700 847 731 decani
876 701 999 731 dantur
1026 702 1065 731 ut
1090 700 1223 740 judices
1251 701 1507 731 conservatores
1536 699 1717 730 abbatissae
1735 701 1767 730 et
1789 708 1885 730 conv.
1903 701 2048 731 monast.
2067 700 2231 740 praedicti.

636 754 690 794 (A.
717 755 766 788 14,
786 753 809 784 f.
835 755 934 790 142³,
964 753 997 783 V.
1018 755 1068 788 71,
1085 762 1136 792 ep.
1157 754 1242 791 277.)

681 803 817 836 12820.
834 823 872 828 -
886 805 1018 836 Artaldo
1035 805 1103 837 abb.
1121 811 1245 836 monast.
1263 814 1289 835 s.
1308 803 1447 835 Medardi
1459 805 1669 842 Suessionen„
1684 805 1724 835 ad
1743 805 1783 836 R.
1801 805 1838 836 E.
1855 806 1948 837 nullo
1966 806 2077 837 medio
2095 806 2231 845 pertin,

636 859 674 891 Ο.
689 859 722 890 S.
735 859 789 897 B.,
803 868 895 890 conc.
913 859 1012 890 facul.
1025 858 1209 897 recipiendi
1224 866 1348 888 munus
1359 857 1606 888 benedictionis
1615 857 1657 888 ab
1673 866 1748 897 ep.o
1764 858 1931 889 Parisien.
1951 858 2005 898 (A.
2024 860 2073 896 14,
2091 859 2114 889 f.
2132 860 2190 890 155
2205 864 2234 895 «η

641 912 676 944 V.
696 914 747 949 71,
765 921 817 952 ep.
831 911 917 952 246.)

682 962 816 994 12821.
833 982 872 987 -
887 964 990 1006 Ερω
1006 964 1124 995 Silven.
1142 963 1344 1004 subrogatur
1362 963 1532 1003 archiep.o
1555 963 1756 994 Bracharen.
1777 965 1913 1003 propter
1930 964 2071 995 nimiam
2086 966 2236 996 senectu-

635 1019 705 1050 tem
723 1027 826 1058 super
853 1019 938 1049 facto
961 1017 1115 1057 magistri
1131 1016 1352 1057 provincialis
1370 1017 1441 1048 ord.
1460 1017 1592 1048 militiae
1609 1026 1636 1047 s.
1655 1016 1771 1048 Jacobi
1789 1016 1823 1047 in
1840 1017 1954 1057 regnis
1969 1018 2186 1057 Portugalliae
2204 1019 2237 1049 et

636 1071 791 1112 Algarbii
806 1080 866 1111 per
882 1071 1034 1111 seipsum
1048 1070 1223 1102 intendere
1238 1079 1304 1101 non
1320 1070 1477 1101 valentis.
1495 1070 1549 1110 (A.
1569 1072 1617 1107 14,
1636 1070 1658 1100 f.
1679 1071 1776 1106 1622,
1801 1068 1833 1100 V.
1854 1072 1904 1108 71,
1923 1079 1975 1110 ep.
1997 1070 2084 1110 281.)

683 1122 819 1154 12822.
838 1142 877 1147 ——
892 1123 998 1162 Fulco,
1012 1123 1105 1164 prior
1123 1124 1295 1164 prioratus
1312 1124 1353 1155 de
1372 1124 1550 1163 Rampone
1566 1123 1740 1155 Vivarien.
1760 1123 1819 1160 di.,
1839 1123 1910 1154 ord.
1928 1123 2136 1161 Cluniacen.‚
2156 1132 2239 1163 prae-

638 1178 750 1210 ficitur
766 1178 802 1209 in
817 1177 894 1209 abb.
911 1178 1058 1209 monast.
1076 1177 1117 1209 de
1129 1178 1247 1213 Lutra,
1262 1177 1303 1208 ad
1318 1178 1359 1208 R.
1376 1177 1414 1208 E.
1429 1177 1522 1208 nullo
1535 1177 1647 1207 medio
1663 1177 1798 1216 pertin„
1816 1176 1857 1209 Ο.
1871 1177 1907 1209 S.
1923 1177 1974 1215 B.,
1993 1176 2161 1208 Bisuntin.
2178 1177 2237 1213 di.,

638 1241 699 1272 per
715 1231 797 1263 obit.
816 1231 940 1271 quond.
962 1230 1102 1263 Roberti
1118 1231 1151 1262 et
1167 1231 1356 1261 cessionem
1375 1230 1528 1270 Hugardi
1546 1230 1586 1261 de
1604 1239 1631 1260 s.
1649 1230 1773 1261 Bosolo
1789 1231 1901 1261 monte
1918 1230 1951 1261 et
1965 1229 2082 1261 Jacobi
2100 1230 2141 1261 (16
2158 1230 2238 1270 Vyl,

637 1287 717 1317 tunc
734 1293 786 1325 ap.
803 1285 837 1316 S.
855 1285 896 1316 A.
912 1284 1099 1322 constituti,
1117 1283 1357 1315 monachorum
1373 1284 1484 1323 ipsius
1501 1285 1659 1320 monast,
1677 1283 1711 1314 in
1730 1283 1885 1315 abbatem
1900 1283 2095 1315 electorum.
2114 1301 2152 1306 —
2168 1283 2194 1314 I.
2210 1291 2239 1315 e.

639 1348 685 1370 m.
704 1347 800 1370 conv.
819 1339 852 1370 et
867 1337 1028 1369 vassallis
1042 1337 1124 1368 dicti
1143 1338 1286 1368 monast.
1314 1337 1366 1376 (A.
1388 1339 1436 1374 14,
1453 1339 1475 1368 f.
1494 1338 1551 1367 178
1562 1342 1593 1373 ἃ,
1617 1337 1653 1368 V.
1672 1339 1722 1372 71,
1744 1345 1797 1376 ep.
1814 1336 1903 1377 352.)

685 1389 821 1421 12823.
839 1409 879 1414 —-
906 1391 1060 1431 Rostaqno
1087 1390 1256 1422 Cavallerii
1280 1399 1352 1422 can.
1373 1390 1453 1422 eccl.
1471 1390 1643 1422 Arelaten.
1658 1399 1752 1430 prov.
1773 1390 1944 1430 prioratus
1961 1399 1988 1422 s.
2009 1390 2184 1422 Michaelis
2200 1390 2241 1421 de

639 1446 742 1485 capa.
759 1445 798 1477 O.
817 1445 851 1477 S.
870 1444 925 1482 Α.,
943 1444 1115 1476 Arelaten.
1133 1444 1193 1481 di.,
1212 1452 1239 1474 s.
1258 1453 1300 1482 c.,
1320 1453 1380 1483 per
1398 1452 1470 1474 can.
1487 1444 1568 1474 eccl.
1593 1444 1763 1475 Arelaten.
1782 1444 1863 1475 dicti
1886 1444 1956 1474 ord.
1978 1443 2056 1484 gub.
2074 1444 2239 1481 consueti,

640 1500 693 1538 (30
708 1498 768 1530 lib.
787 1497 883 1538 tur.),
907 1507 945 1529 ac
961 1506 1021 1537 per
1036 1497 1117 1529 obit.
1134 1497 1289 1537 Hugonis
1306 1497 1346 1528 de
1361 1497 1499 1528 Aurone
1515 1505 1585 1527 vac.
1612 1514 1650 1519 —
1669 1497 1695 1528 Ι.
1715 1506 1744 1528 6.
1762 1506 1806 1527 m.
1826 1497 1952 1528 archid.
1972 1497 2115 1537 Regen.,
2140 1498 2172 1528 et
2190 1506 2242 1528 sa-

639 1552 751 1583 cristae
781 1551 996 1588 Avinionen.,
1032 1560 1070 1582 ac
1091 1550 1273 1582 Rimbaldo
1299 1550 1339 1581 de
1368 1550 1571 1587 villamuro,
1603 1559 1675 1581 can.
1705 1551 1825 1590 Apten.
1857 1550 1935 1581 eccl.
1952 1550 2006 1591 (A.
2029 1552 2078 1587 14,
2097 1550 2119 1581 f.
2139 1551 2198 1582 208
2211 1555 2240 1586 ⁸3

646 1605 678 1637 V.
697 1607 746 1641 71,
764 1614 817 1644 ep.
833 1605 919 1642 305.)

686 1655 820 1687 12824.
840 1675 877 1680 —
892 1658 984 1688 Petro
1002 1667 1072 1698 ep.o
1096 1667 1120 1687 s.
1151 1657 1257 1687 Pontii
1281 1656 1511 1687 Thomeriarum
1526 1665 1617 1688 conc.
1636 1658 1786 1696 potestas
1803 1656 1998 1688 reservandi
2015 1657 2074 1688 uni
2091 1665 2133 1688 ex
2150 1665 2239 1688 mon.

641 1711 809 1752 regularis
825 1711 905 1742 6661.
926 1720 1007 1746 suae‚
1027 1719 1128 1750 quem
1145 1710 1282 1741 duxerit
1304 1710 1508 1750 eligendum,
1525 1709 1650 1747 benef..
1670 1710 1737 1745 off..
1759 1719 1819 1741 seu
1836 1710 2024 1749 prioratum
2042 1710 2095 1741 vel
2113 1710 2193 1741 eccl.
2212 1719 2241 1741 c.

641 1774 669 1796 c.
687 1765 729 1796 ad
746 1765 859 1796 collat.
874 1764 955 1795 dicti
975 1764 1042 1803 ep.i
1059 1764 1196 1803 pertin„
1213 1765 1245 1795 et
1259 1765 1456 1795 consuetum
1474 1771 1534 1803 per
1550 1772 1640 1794 mon.
1659 1763 1767 1803 eJusd.
1786 1763 1865 1794 eccl.
1878 1763 1955 1803 gub.
1969 1763 2023 1804 (A.
2041 1765 2088 1800 15,
2105 1763 2127 1793 f.
2141 1764 2201 1795 355
2213 1763 2243 1800 b,

646 1819 683 1850 V.
700 1819 750 1856 72,
767 1827 819 1857 ep.
839 1819 942 1855 1201.)

687 1868 822 1900 12825.
841 1888 880 1893 -
895 1870 1018 1902 Collat.
1036 1878 1153 1901 canon.
1173 1869 1237 1900 sub
1255 1878 1350 1909 exsp.
1370 1869 1473 1909 praeb.
1492 1869 1573 1900 eccl.
1590 1879 1617 1900 s.
1643 1869 1742 1900 Pauli
1757 1869 1798 1901 de
1815 1869 2071 1907 Fenolhedesio,
2092 1870 2240 1901 Electen.

641 1924 700 1962 di.,
719 1923 877 1955 Guiraudo
892 1923 928 1953 de
944 1923 1173 1964 Petrapertusa.
1193 1940 1230 1945 —-
1257 1923 1282 1954 I.
1300 1931 1328 1954 e.
1347 1932 1392 1954 m.
1411 1931 1485 1962 ep.o
1507 1932 1534 1954 s.
1556 1923 1667 1954 Pontii
1691 1923 1961 1957 Thomeriarum,
1979 1924 2011 1954 et
2029 1922 2104 1954 abb.
2130 1923 2243 1954 saecul.

641 1978 722 2010 6661.
740 1986 769 2008 s,
789 1977 964 2009 Affrodisii
978 1977 1156 2014 Biterren.‚
1171 1985 1208 2007 ac
1220 1976 1346 2007 archid.
1361 1976 1529 2007 Conchen.
1545 1977 1734 2008 Ruthenen.
1752 1976 1831 2007 eccl.
1845 1977 1898 2017 (A.
1915 1978 1963 2013 15,
1982 1976 2004 2006 f.
2021 1975 2118 2012 400h;
2140 1975 2173 2007 V.
2192 1978 2243 2013 72,

641 2040 694 2071 ep.
714 2032 818 2070 1344.)

686 2081 820 2113 12826.
834 2102 871 2107 -
882 2083 994 2115 Mand.
1014 2082 1168 2114 Ludovico
1185 2082 1432 2124 ep oLin90nen.
1446 2084 1493 2119 ut,
1509 2082 1644 2114 sublata
1655 2082 1824 2113 discordia
1840 2082 1927 2113 inter
1942 2083 2067 2122 ipsum,
2082 2083 2245 2114 decanum

642 2147 680 2169 ac
705 2137 891 2178 capitulum
917 2137 997 2168 eccl.
1017 2136 1192 2177 Lingonen
1209 2138 1340 2174 exorta,
1358 2136 1536 2167 concordia
1556 2136 1748 2167 desiderata
1766 2136 1953 2176 proveniat.
1979 2153 2018 2157 —
2036 2136 2063 2167 Ι.
2082 2144 2110 2167 6.
2130 2144 2175 2166 m.
2193 2136 2246 2167 de·

642 2199 724 2223 cano
739 2192 772 2222 et
788 2190 936 2230 capitulo
954 2190 1117 2230 praefatis.
1134 2208 1173 2214 —
1189 2190 1215 2221 I.
1231 2198 1260 2221 e.
1275 2198 1321 2221 m.
1339 2189 1533 2221 Cluniacen.
1548 2191 1580 2221 et
1591 2189 1743 2220 Balmen.
1758 2190 1903 2220 monast.
1917 2189 2005 2226 abb„
2021 2189 2244 2220 Matisconen.

643 2246 676 2276 et
689 2244 859 2276 Bisuntin.
881 2244 940 2281 di.,
958 2246 995 2275 ut
1011 2244 1053 2275 ad
1070 2243 1162 2274 civit.
1180 2243 1368 2283 Lingonen.
1386 2251 1422 2274 se
1441 2244 1652 2274 conferentes
1670 2251 1795 2282 epum,
1812 2243 1976 2274 decanum
1994 2244 2027 2273 et
2042 2243 2141 2282 capit.
2161 2251 2245 2282 prae-

643 2298 730 2329 fatos
753 2298 794 2328 ad
813 2297 1026 2329 concordiam
1051 2297 1229 2333 reducant3
1254 2296 1407 2336 alloquin
1423 2305 1480 2327 eos
1497 2296 1600 2327 citent
1621 2298 1656 2327 ut
1674 2297 1760 2327 infra
1778 2306 1815 2326 xi.
1831 2295 1905 2327 dies
1923 2297 2029 2335 apost.
2049 2296 2244 2335 conspectui

644 2359 680 2382 se
698 2352 913 2390 praesentent.
941 2351 992 2389 (A.
1017 2351 1065 2388 14,
1084 2350 1106 2381 f.
1124 2351 1311 2386 1452-1462;
1332 2349 1366 2379 V.
1384 2351 1433 2387 71,
1449 2358 1502 2389 ep.
1520 2350 1607 2388 293.)

689 2401 823 2433 12827.
842 2421 880 2426 —-
902 2404 1016 2435 Mand.
1033 2403 1171 2444 qenerali
1185 2413 1266 2444 may.
1279 2408 1307 2433 et
1322 2402 1476 2443 fratribus
1494 2402 1655 2443 hospitalis
1671 2413 1694 2432 s.
1717 2402 1847 2433 loannis
1861 2401 2100 2433 Jerosolimitani
2115 2403 2150 2433 ut
2168 2409 2246 2432 cum

645 2458 830 2489 Laurentio
849 2458 890 2488 de
907 2457 1057 2497 Lengres
1073 2457 1160 2488 laico
1174 2456 1376 2488 conveniant
1389 2457 1429 2487 de
1440 2457 1540 2486 naulo
1556 2465 1616 2487 seu
1631 2456 1757 2486 salario
1772 2456 1946 2495 galearum
1964 2455 2030 2494 ipsi
2042 2464 2099 2494 per
2116 2463 2174 2485 eos
2189 2454 2244 2485 de-

643 2510 714 2542 bito
731 2519 791 2551 pro
806 2519 844 2542 6ο
858 2510 947 2550 quod
960 2511 1000 2541 de
1024 2510 1137 2541 mand.
1155 2510 1256 2550 Papae
1271 2511 1341 2541 tam
1357 2510 1391 2540 in
1408 2509 1603 2540 adducendo
1615 2509 1656 2540 ad
1670 2508 1818 2539 insulam
1831 2508 1919 2539 Rodi
1936 2507 2117 2539 nonnullos
2134 2507 2241 2546 apost.

646 2563 790 2595 nuncios
806 2572 907 2603 quam
924 2563 957 2594 in
974 2563 1166 2594 reducendo
1184 2563 1368 2594 Fulconem
1385 2563 1425 2593 de
1439 2562 1618 2598 villareto,
1638 2563 1716 2592 tunc
1729 2561 1919 2601 generalem
1934 2569 2021 2600 mag.
2037 2560 2117 2591 dicti
2131 2559 2243 2599 hospi—

645 2617 738 2652 talis.
756 2617 790 2647 in
807 2617 896 2648 dicta
911 2616 1024 2647 insula
1040 2617 1316 2653 commorantem,
1333 2615 1439 2646 multa
1458 2616 1577 2654 praeter
1588 2614 1722 2645 labores
1733 2614 1876 2645 subierit
1890 2622 1990 2644 onera
2004 2621 2243 2653 expensarum,

646 2678 707 2700 nec
723 2669 769 2700 sit
785 2669 852 2700 sibi
868 2669 908 2701 de
927 2669 1011 2700 eisd.
1032 2669 1162 2709 integre
1179 2669 1404 2700 satisfactum.
1424 2668 1477 2706 (A.
1496 2670 1545 2705 14,
1561 2667 1583 2698 f.
1603 2669 1660 2698 164
1673 2672 1704 2704 ὃς
1730 2667 1762 2697 V.
1783 2669 1832 2701 71,
1853 2675 1905 2706 ep.
1923 2667 2008 2705 295.)

693 2719 828 2750 12828.
849 2739 888 2744 -
905 2721 1014 2762 Guelso
1027 2727 1099 2752 nato
1114 2721 1227 2762 quond.
1250 2721 1358 2751 Daulis
1372 2721 1408 2752 de
1425 2720 1526 2751 Scalis
1539 2729 1632 2759 prov.
1651 2728 1768 2750 canon.
1787 2718 1861 2750 sub.
1882 2727 1977 2758 exsp.
1996 2718 2097 2757 praeb.
2117 2718 2197 2749 eccl.
2217 2727 2245 2750 s.

646 2774 785 2806 Nazarii
803 2775 837 2806 in
853 2775 968 2806 Brolio
986 2775 1210 2806 Mediolanen.
1234 2792 1271 2797 -
1290 2775 1314 2805 Ι.
1334 2783 1363 2806 6.
1383 2783 1428 2804 m.
1446 2782 1549 2813 praep.
1567 2772 1769 2809 Massilien.,
1789 2774 1823 2803 et
1841 2772 1981 2803 Joffrido
2003 2772 2117 2808 Morae,
2135 2780 2172 2803 ac
2189 2771 2250 2803 Ca-

647 2827 765 2860 tellolo
779 2827 819 2859 de
836 2827 990 2865 Medicis,
1007 2828 1231 2859 Mediolanen.
1249 2836 1320 2858 can.
1340 2827 1421 2858 eccl.
1440 2827 1494 2866 (A.
1510 2828 1559 2863 14,
1579 2826 1601 2856 f.
1615 2826 1673 2857 148
1685 2825 1713 2862 b,
1735 2825 1770 2855 V.
1787 2826 1836 2862 71,
1853 2833 1905 2864 ep.
1926 2824 2012 2863 301.)

695 2878 829 2910 12829.
848 2898 888 2903 -
903 2880 1047 2911 Michaeli
1059 2880 1205 2911 Falconis
1221 2880 1258 2910 de
1270 2879 1428 2910 Florentia
1441 2879 1513 2910 ead.
1529 2879 1637 2918 gratia
1652 2878 1687 2908 in
1703 2878 1783 2909 eccl.
1801 2877 1987 2909 Florentin.
2004 2895 2043 2900 —
2059 2878 2083 2908 Ι.
2099 2886 2129 2909 6.
2147 2886 2190 2908 m.
2209 2878 2249 2909 de

620 2952 622 2962 ·
651 2934 829 2968 Ultrann0‚
858 2934 890 2965 et
920 2942 968 2965 ss.
998 2933 1242 2974 apostolorum,
1265 2942 1302 2964 ac
1328 2942 1354 2964 s.
1385 2932 1546 2972 Stephani
1568 2931 1753 2963 Bononien.
1772 2930 1954 2971 prioribus.
1972 2931 2025 2970 (A.
2045 2932 2094 2967 14,
2112 2931 2135 2961 f.
2154 2933 2211 2963 166
2223 2936 2251 2968 *ς

658 2987 693 3019 V.
712 2989 761 3025 71,
782 2996 833 3027 ep.
854 2987 938 3025 302.)
