2566 3562
329 317 389 347 30⁴

363 404 466 431 Datum
483 400 507 432 A
515 397 663 431 venione.

344 610 420 644 8(v1
440 608 491 644 id.)
506 609 571 643 jun.
591 608 678 636 1321.

468 768 504 795 Ut
524 777 547 795 s,

412 813 442 840 T.
459 813 518 845 xli,
537 813 606 840 XIV.

469 1035 504 1062 Ut
525 1043 548 1062 s.

466 1833 498 1860 Ut
522 1843 544 1862 s.

346 1992 364 2018 9
380 1996 410 2028 (v
425 1993 474 2026 id.)
487 1993 555 2027 jun.
571 1994 657 2022 1321.

444 2038 473 2064 T.
495 2038 563 2065 xvl.

463 2152 497 2179 Ut
518 2161 541 2179 s.

462 2258 496 2285 Ut
517 2267 539 2286 s.

456 2577 491 2604 Ut
512 2585 535 2604 s.

455 2790 488 2819 Ut
509 2800 532 2819 s.

454 2950 487 2976 Ut
508 2959 529 2976 s.

414 2992 443 3019 T.
462 2994 493 3023 X,
510 2994 566 3020 XII.

733 312 906 344 JOANNIS
929 312 1048 343 PAPAE
1069 312 1171 343 xxu.
1195 313 1443 354 (1816-1884).
1466 331 1506 337 -—
1527 311 1714 344 LITTERAE
1736 312 1961 345 COMMUNES

750 502 830 534 eccl.
848 502 985 543 TroJan.
1003 521 1040 526 -
1060 502 1086 534 Ι.
1107 511 1135 534 e.
1157 511 1202 534 m.
1217 502 1421 535 Salerniten.
1439 504 1472 535 et
1490 502 1656 536 Arboren.
1675 503 1871 544 archiepis,
1887 511 1926 536 ae
1941 511 2018 544 ep.o
2034 503 2204 537 Tutellen.
2222 505 2279 547 (A.
2297 507 2348 544 15,

750 556 772 586 f.
790 557 842 587 171
859 561 889 593 ⁸;
907 555 947 586 A.
967 558 1015 592 15,
1035 555 1057 587 f.
1075 557 1136 588 438
1152 556 1181 594 ¹’;
1205 556 1242 588 V.
1257 557 1309 594 72,
1325 565 1379 596 ep.
1393 557 1481 597 814.)

795 606 930 639 13603.
948 627 987 631 -
1002 608 1133 640 Archid.
1153 609 1303 650 Alqesirae
1323 609 1492 646 Valerium,
1515 614 1545 640 et
1561 609 1695 641 sacristae
1711 620 1747 641 αι·
1758 610 1901 652 operario
1921 609 2124 642 Terraconen.
2142 610 2216 643 eccl.
2234 611 2349 644 mand.

748 663 785 693 ut
802 662 906 702 recipi
924 662 1048 694 faciant
1063 662 1281 694 Franciscum
1295 662 1460 701 Marbres,
1477 662 1558 695 cler.
1576 662 1823 695 Barchinonen.
1839 663 1901 701 di.,
1918 663 1954 696 in
1969 672 2041 696 can.
2057 664 2138 696 ecel.
2153 664 2349 703 Dertusen„

748 715 788 748 Ο.
805 715 840 747 S.
854 716 895 748 A.
915 715 967 755 (A.
987 717 1037 753 15,
1055 716 1079 747 s.
1095 717 1154 748 115
1168 721 1197 753 ¹¹5
1219 715 1256 748 V.
1272 717 1323 754 72,
1336 725 1389 756 ep.
1403 717 1489 756 847.)

794 766 927 798 13601.
945 787 984 792 -
1000 770 1093 800 Petro
1109 769 1145 800 de
1160 769 1289 807 Gemite,
1303 778 1375 801 can.
1396 770 1553 807 Remen.,
1566 769 1730 810 indulget.
1747 771 1784 802 ut
1798 771 1937 810 propter
1951 770 2169 803 infirmitates
2183 771 2258 812 ejus
2274 769 2351 803 ubi-

747 831 811 862 que
830 823 981 854 locorum
997 823 1148 854 existens
1165 822 1296 854 fructus
1311 831 1429 854 canon.
1448 825 1480 855 et
1497 822 1614 863 praeb.,
1634 831 1720 864 quos
1738 823 1773 854 in
1790 823 1870 855 eccl.
1887 823 2029 856 Remen-
2045 825 2079 856 et
2095 824 2278 857 carnoten.
2292 823 2350 856 ob-

746 876 842 912 tinet,
864 885 972 916 usque
987 876 1027 907 ad
1043 876 1226 907 triennium
1239 876 1412 916 percipere
1426 876 1550 908 valeat.
1564 895 1598 900 —
1615 877 1643 908 Ι.
1658 885 1688 908 e.
1706 885 1751 909 m.
1769 876 1845 908 abb.
1860 878 2003 908 monast.
2021 885 2050 909 s.
2062 877 2243 910 Genovet'ae
2256 877 2350 910 Pari·

746 929 845 966 sien.,
863 931 895 960 et
915 929 1020 969 priori
1040 938 1067 961 s.
1089 929 1232 961 Joannis
1256 929 1296 961 de
1321 929 1594 967 vanemontone,
1615 930 1745 970 Signin.
1770 930 1829 966 di..
1853 938 1891 962 ac
1907 930 2077 962 Rainaldo
2095 930 2137 962 de
2153 930 2238 962 tiliis
2254 930 2348 970 Ursi,

745 991 817 1014 can.
838 982 988 1014 basilicae
1005 983 1169 1023 principis
1185 983 1418 1023 apostolorum
1433 983 1474 1014 de
1490 982 1593 1015 Urbe.
1612 983 1667 1024 (A.
1687 985 1735 1021 15,
1754 983 1778 1014 t'.
1794 984 1854 1015 206
1868 988 1899 1020 ⁸5
1925 982 1958 1016 V.
1975 985 2026 1021 72,
2043 992 2097 1024 ep.
2112 983 2198 1024 871.)

791 1033 926 1065 13605.
945 1053 981 1058 -
996 1035 1114 1068 Gratia
1130 1045 1225 1076 exsp.
1248 1037 1452 1076 personatus
1472 1044 1533 1068 seu
1553 1036 1645 1077 dign.
1667 1045 1695 1068 s.
1714 1046 1742 1068 c.
1763 1037 1798 1068 in
1821 1036 1903 1068 eccl.
1921 1036 2092 1069 valentin.
2110 1036 2204 1068 Petro
2218 1036 2255 1068 de
2269 1035 2350 1079 Spe-

745 1089 856 1126 luncis5
877 1097 943 1120 non
961 1088 1048 1120 obst.
1073 1089 1253 1121 archidiac.
1277 1089 1455 1130 Algezirae‚
1476 1098 1578 1130 quem
1599 1090 1725 1121 dimitt.
1751 1091 1896 1128 tenetur,
1915 1099 1944 1122 c.
1969 1098 2012 1127 c.,
2034 1098 2154 1122 canon.
2178 1091 2213 1122 et
2230 1089 2347 1131 praeb„

745 1151 871 1174 necnon
889 1142 1114 1182 praepositura
1127 1151 1201 1182 quae
1218 1143 1309 1183 dign.
1326 1151 1393 1174 non
1408 1142 1527 1174 existit
1539 1143 1575 1174 in
1590 1143 1663 1175 ead.
1679 1143 1863 1180 valentin„
1876 1144 1909 1175 et
1919 1143 1955 1175 in
1971 1143 2117 1175 Ilerden.
2130 1143 2213 1175 eccl.
2227 1151 2347 1176 canon.

745 1195 807 1226 sub
824 1204 921 1235 exsp.
935 1195 1038 1235 praeb.
1056 1197 1088 1227 et
1101 1196 1333 1235 praepositurae
1347 1205 1421 1236 quae
1434 1196 1524 1236 dign.
1542 1196 1703 1228 similiter
1718 1205 1785 1228 non
1800 1197 1938 1234 existit;
1955 1196 2111 1237 sequitur
2125 1196 2277 1238 dispens.
2293 1205 2350 1230 su·

743 1258 803 1289 per
826 1249 950 1288 plural.
976 1248 1087 1280 benef.
1114 1267 1151 1272 —-
1175 1249 1203 1280 Ι.
1226 1257 1254 1280 e.
1273 1258 1320 1281 m.
1345 1249 1498 1281 sacristae
1516 1249 1768 1290 majoricarum,
1788 1251 1821 1281 et
1842 1250 1944 1281 Petro
1969 1249 2011 1282 de
2025 1249 2192 1289 sentinis,
2216 1251 2350 1283 041Βαί-

743 1302 868 1333 mundo
883 1303 923 1334 de
938 1302 1165 1341 Monterosso,
1181 1302 1326 1334 Ilerden.
1344 1311 1418 1334 can.
1433 1303 1513 1334 eccl.
1530 1303 1583 1343 (A.
1600 1304 1650 1339 15,
1667 1303 1692 1334 f.
1708 1305 1766 1335 139
1778 1308 1807 1339 ⁸5
1829 1303 1864 1335 V.
1880 1304 1930 1341 72,
1949 1311 2003 1343 ep.
2021 1304 2107 1342 901.)

789 1353 924 1384 13606.
943 1374 980 1379 —
1000 1354 1150 1386 Eduardo
1169 1356 1236 1396 reqi
1251 1355 1374 1396 Anqliae
1387 1364 1478 1387 conc.
1497 1355 1637 1387 licentia
1653 1356 1816 1387 fundandi
1832 1357 1977 1388 monast.
1998 1356 2199 1388 monialium
2216 1365 2278 1389 seu
2291 1365 2350 1390 so-

744 1418 859 1440 rorum
874 1409 938 1440 sub
955 1409 1072 1449 regula
1093 1409 1126 1440 S.
1145 1409 1184 1441 A.
1202 1410 1235 1440 et
1253 1410 1439 1440 secundum
1459 1409 1617 1441 instituta
1633 1418 1670 1441 ac
1691 1409 1755 1441 sub
1771 1418 1852 1441 cura
1869 1410 1908 1441 F.
1924 1409 1962 1442 Ο.
1981 1409 2019 1441 P.
2039 1409 2240 1448 viventium,
2251 1409 2349 1451 Juxta

744 1463 990 1494 ordinationem
1013 1462 1054 1494 cl.
1073 1471 1138 1494 me.
1158 1462 1327 1495 Alienorae
1349 1462 1474 1503 reginae
1493 1462 1634 1503 Angliae,
1652 1463 1763 1503 ipsius
1780 1463 1912 1495 matris.
1930 1463 1985 1504 (A.
2006 1465 2055 1502 15,
2073 1462 2096 1494 f.
2112 1463 2174 1496 189
2191 1468 2223 1501 ·;
2243 1462 2278 1496 V.
2295 1465 2348 1502 ⁸12.

743 1525 795 1556 ep.
813 1517 917 1554 1690.)

789 1567 922 1598 13607.
936 1586 973 1591 —-
986 1569 1151 1600 Praedicto
1165 1570 1310 1601 monast.
1327 1570 1364 1600 ut
1380 1578 1407 1601 s.
1428 1569 1600 1601 fundando
1614 1569 1844 1601 conceduntur
1861 1569 2042 1610 privilegia
2060 1571 2093 1601 et
2112 1570 2348 1610 exemptiones

742 1632 802 1663 per
821 1623 1040 1654 Benedictum
1057 1623 1123 1654 PP.
1141 1623 1191 1654 XI
1206 1623 1383 1662 priorissis
1398 1624 1430 1654 et
1446 1623 1622 1655 sororibus
1635 1622 1769 1664 praefati
1787 1623 1826 1656 O.
1843 1623 1879 1656 S.
1894 1623 1936 1655 A.
1953 1624 1986 1655 et
2002 1622 2066 1655 sub
2083 1631 2164 1655 cura
2178 1623 2348 1656 dictorum

742 1678 780 1708 F.
804 1677 842 1707 P.
865 1677 1071 1713 viventibuS,
1090 1685 1127 1707 ac
1149 1685 1209 1716 per
1228 1677 1431 1708 modernum
1457 1677 1658 1708 Pontificem
1682 1676 1856 1717 priorissae
1876 1678 1909 1708 et
1933 1676 2110 1708 sororibus
2132 1678 2281 1709 monast.
2305 1677 2348 1710 de

741 1730 953 1761 Bellomonte
979 1730 1037 1760 siti
1066 1730 1101 1760 in
1124 1730 1343 1768 valencenis,
1371 1730 1453 1762 dicti
1483 1730 1555 1762 ord.
1582 1732 1615 1762 et
1642 1730 1707 1762 sub
1730 1730 1804 1762 ead.
1835 1739 1916 1762 cura
1940 1729 2146 1766 viventibus,
2173 1738 2345 1763 concessa.

740 1784 795 1824 (A.
814 1785 863 1819 15,
883 1783 904 1815 f.
922 1784 981 1815 489
995 1789 1026 1821 ³3
1049 1783 1085 1814 V.
1107 1785 1156 1821 72,
1181 1792 1233 1823 ep.
1254 1783 1360 1824 1691.)

787 1834 922 1866 13608.
951 1855 989 1860 -
1014 1837 1106 1867 Petro
1133 1846 1201 1878 ep.o
1223 1847 1247 1868 s.
1277 1837 1386 1867 Pontii
1409 1837 1639 1868 Thomeriarum
1667 1836 1770 1869 facul.
1796 1836 2000 1868 concedendi
2023 1836 2266 1869 tabellionatus
2288 1836 2344 1869 off.

742 1900 764 1920 11
783 1899 886 1928 pers„
908 1892 1008 1929 prout
1025 1890 1091 1929 ipsi
1106 1890 1175 1930 jam
1194 1899 1392 1921 concessum
1409 1890 1519 1922 fuerat
1532 1899 1592 1930 per
1604 1890 1737 1922 litteras
1755 1889 1818 1922 sub
1839 1890 1893 1922 die
1909 1890 1955 1922 id.
1970 1899 2046 1931 aug.
2067 1899 2097 1922 a.
2110 1894 2149 1921 ιι·
2163 1889 2346 1928 confectas,

741 1952 882 1983 quaeque
902 1943 935 1974 in
952 1943 1072 1974 itinere
1085 1943 1227 1983 perditae
1242 1943 1312 1975 fore
1328 1944 1498 1975 dicuntur.
1514 1943 1568 1984 (V.
1591 1945 1641 1980 71,
1655 1944 1679 1975 f.
1695 1945 1755 1976 308
1773 1944 1812 1983 ⁸.)

788 1994 923 2025 13609.
945 2015 983 2018 -
998 1996 1038 2026 Ν.
1058 2007 1087 2026 υ.
1112 1996 1267 2034 ΡοηεεΙΙο,
1283 1997 1349 2034 filio
1366 1996 1479 2037 quond.
1499 1996 1623 2027 Matlzaei
1642 1996 1738 2027 leuben·
1755 1996 1793 2028 de
1806 1996 1882 2037 filiis
1898 1995 1980 2034 Ursi,
1999 1996 2163 2037 indulget.
2182 1997 2220 2029 ut
2233 1996 2344 2037 ipsius

742 2049 916 2080 consessor
938 2049 1074 2088 plenam
1101 2049 1348 2089 indulgentiam
1373 2051 1588 2089 peccatorum
1611 2050 1717 2081 semel
1739 2050 1776 2081 in
1797 2050 1920 2081 mortis
1938 2049 2090 2090 periculo
2112 2049 2294 2082 concedere
2311 2050 2344 2082 ei

741 2102 862 2133 valeat.
881 2102 932 2139 (A.
951 2104 999 2139 15,
1023 2102 1045 2132 f.
1063 2104 1101 2133 67
1119 2108 1147 2140 ²;
1172 2102 1205 2132 V.
1225 2104 1274 2139 72,
1295 2111 1348 2142 ep.
1365 2103 1454 2142 805.)
2127 2133 2130 2136 .

788 2151 925 2183 13610.
948 2171 986 2176 -
1012 2155 1104 2184 Petro
1130 2154 1165 2185 de
1187 2154 1313 2192 Gemite,
1332 2164 1404 2186 can.
1424 2156 1582 2193 Remen.,
1608 2156 1726 2187 eadem
1747 2156 1867 2195 gratia.
1893 2156 1945 2195 (A.
1974 2157 2023 2194 15,
2047 2155 2070 2186 f.
2098 2157 2155 2187 127
2179 2161 2209 2193 ·;
2241 2155 2274 2187 V.
2291 2156 2345 2194 72,

741 2216 791 2247 ep.
809 2207 893 2247 812.)

786 2258 922 2290 13611.
950 2279 988 2283 -
1008 2261 1127 2292 Collat.
1149 2270 1267 2293 canon.
1286 2261 1349 2293 sub
1367 2271 1462 2302 exsp.
1480 2261 1585 2302 proeb.
1601 2262 1682 2294 eccl.
1703 2262 1873 2294 Veronen.
1890 2272 1971 2303 may.
1989 2261 2115 2293 Homini
2131 2262 2167 2294 de
2182 2261 2344 2300 Peretu103

740 2322 804 2345 non
822 2314 908 2345 obst.
930 2314 964 2345 in
984 2314 1125 2352 Fauen„
1140 2315 1331 2346 Tridentin.
1355 2316 1388 2347 et
1409 2324 1437 2346 s.
1462 2315 1703 2348 Bartholomaei
1727 2324 1832 2356 prope
1854 2316 2057 2347 Tridentum
2079 2316 2158 2348 eccl.
2177 2324 2295 2348 canon.
2312 2317 2346 2348 et

739 2366 854 2406 praeb.,
875 2367 954 2399 eccl.
973 2367 1006 2399 S.
1026 2368 1071 2398 M.
1090 2368 1129 2399 de
1153 2368 1275 2400 Sevalo
1288 2369 1515 2408 praepositura
1534 2369 1723 2409 vulgariter
1742 2370 1947 2409 nuncupata,
1967 2371 1999 2400 et
2012 2369 2110 2409 plebe
2127 2370 2168 2401 de
2187 2369 2344 2405 Celcano.

738 2429 838 2460 quam
854 2421 1003 2451 nondum
1018 2422 1069 2452 est
1079 2421 1218 2460 pacifice
1230 2423 1417 2459 assecutus,
1435 2422 1624 2454 Tridentin.
1643 2424 1674 2453 et
1690 2422 1891 2463 Aquilegen.
1904 2423 1951 2454 di.
1963 2439 2001 2444 —
2016 2423 2044 2454 1.
2061 2431 2090 2454 e.
2110 2431 2155 2454 m.
2172 2422 2344 2454 Ildebran·

737 2473 816 2505 dino
828 2474 870 2505 el.
889 2474 1053 2511 Paduan„
1071 2475 1104 2506 et
1120 2474 1196 2505 abb.
1214 2476 1359 2506 monast.
1376 2484 1405 2507 s.
1423 2475 1599 2507 Laurentii
1615 2484 1720 2516 prope
1734 2475 1949 2514 Tridentum,
1969 2485 2006 2507 ac
2019 2475 2190 2508 Rainaldo
2203 2476 2245 2508 de
2259 2475 2344 2508 filiis

736 2527 828 2565 Ursi,
847 2527 996 2559 thesaur.
1018 2528 1098 2560 eccl.
1123 2528 1277 2560 Toletan.
1297 2529 1348 2568 (A.
1369 2530 1416 2566 15,
1431 2529 1455 2560 f.
1474 2530 1532 2561 130
1550 2528 1580 2566 ¹5·
1605 2528 1640 2560 V.
1657 2531 1708 2566 72,
1728 2537 1780 2570 ep.
1795 2529 1884 2569 869.)

782 2578 917 2610 13612.
935 2597 973 2603 -
988 2580 1070 2613 Ead.
1089 2581 1198 2622 gratia
1214 2582 1249 2612 in
1265 2582 1345 2613 eccl.
1363 2582 1531 2622 Anagnin.
1547 2582 1704 2622 Adenulfo
1717 2582 1854 2620 Her-rici,
1871 2582 2072 2614 beneficiato
2083 2581 2163 2614 eccl.
2176 2590 2204 2613 s.
2219 2581 2342 2623 Angeli
2408 2628 2412 2637 .

735 2634 902 2674 Anagnin.
920 2653 958 2657 —
974 2635 1001 2665 I.
1022 2642 1051 2666 e.
1071 2643 1117 2665 m.
1131 2635 1237 2674 priori
1255 2635 1368 2666 saecul.
1383 2644 1410 2666 s.
1427 2636 1571 2667 Joannis
1588 2636 1630 2668 de
1645 2635 1918 2671 Vallemontone,
1935 2635 2066 2676 Signin.
2085 2635 2145 2672 di.‚
2162 2636 2196 2667 et
2211 2634 2338 2667 archid.

734 2688 885 2726 Barren„
912 2688 1112 2728 Lingonen.,
1140 2697 1178 2719 ac
1203 2697 1290 2729 mag.
1316 2688 1442 2721 Jacobo
1465 2689 1602 2727 Leonis,
1629 2697 1702 2721 can.
1725 2689 1898 2721 Ferentin.
1919 2688 2002 2720 eccl.
2025 2688 2077 2727 (A.
2105 2689 2156 2726 15,
2184 2687 2208 2719 f.
2228 2689 2288 2720 205
2307 2688 2342 2726 ὓς

739 2740 774 2772 V.
793 2742 842 2778 72,
860 2750 912 2780 ep.
930 2741 1018 2781 870.)

779 2791 914 2823 13613.
932 2812 971 2818 -
986 2794 1073 2836 Ep.o
1089 2794 1319 2826 Barchinonen.
1338 2796 1450 2827 mand.
1467 2797 1504 2828 ut
1519 2796 1763 2836 Berengarium
1781 2795 1959 2828 Cohaverii
1975 2803 2078 2835 super
2091 2794 2225 2826 defectu
2245 2795 2341 2826 nata—

733 2847 817 2878 lium
841 2856 940 2887 quem
957 2848 1097 2888 patitur,
1116 2857 1192 2879 cum
1207 2849 1253 2880 sit
1269 2849 1308 2880 de
1332 2849 1445 2881 soluto
1469 2849 1604 2890 genitus
1628 2851 1660 2881 et
1680 2849 1804 2886 soluta,
1821 2849 1996 2889 dispenset
2014 2849 2052 2880 ut
2068 2848 2110 2879 ad
2127 2856 2245 2879 omnes
2267 2847 2339 2879 ord.

732 2901 923 2939 promoveri
940 2902 973 2932 et
986 2900 1097 2932 benef.
1113 2910 1140 2932 c.
1157 2910 1184 2933 c.
1199 2901 1352 2933 obtinere
1368 2902 1491 2942 possit.
1509 2902 1561 2942 (A.
1578 2904 1631 2944 15,
1650 2902 1671 2933 f.
1692 2904 1751 2934 174
1765 2907 1797 2938 ¹5
1824 2901 1856 2932 V.
1872 2903 1922 2940 72,
1939 2910 1992 2941 ep.
2009 2901 2094 2940 887.)

779 2950 913 2982 13614.
936 2971 973 2976 -
998 2954 1119 2986 Collat.
1137 2955 1217 2986 eccl.
1234 2963 1261 2986 s.
1283 2954 1401 2995 Angeli
1420 2955 1461 2986 de
1479 2955 1670 2992 Cannutiis‚
1686 2954 1848 2987 verulan.
1866 2954 1926 2992 di„
1940 2954 1982 2986 ad
1997 2953 2074 2986 abb.
2093 2954 2238 2985 monast.
2259 2952 2341 2984 Cas-.

732 3006 854 3043 sinen„
872 3007 909 3038 O.
928 3007 962 3038 S.
978 3008 1029 3043 B.,
1045 3007 1261 3039 collationem
1284 3008 1423 3048 pertin„
1439 3009 1473 3040 et
1495 3009 1635 3048 propter
1651 3008 1818 3040 diutinam
1833 3007 2043 3040 vacationem
2060 3006 2094 3038 S.
2111 3007 2153 3038 A.
2173 3005 2339 3038 devolutae
