2566 3562
352 358 409 389 168

382 446 486 473 Datum
504 436 687 472 Avenione.

421 544 461 572 23
478 552 542 578 auq.
566 542 652 570 1320.

431 591 461 622 (x
480 588 538 616 kal.
556 585 644 622 sept.)

501 809 536 836 Ut
556 816 580 836 s,

502 967 538 995 Ut
558 975 581 994 s.

502 1182 539 1210 Ut
559 1189 582 1210 s.

503 1394 539 1422 Ut
559 1403 582 1422 S.

425 1448 463 1476 25
479 1457 545 1483 auy.
567 1447 655 1475 1320.

412 1493 480 1528 (vm
500 1493 559 1520 kal.
581 1493 670 1527 sept.)

506 1661 539 1688 L't
561 1670 583 1688 s.

424 1768 464 1796 26
481 1777 546 1802 auq.
567 1768 654 1795 1320.

422 1813 476 1848 (vn
493 1813 551 1840 kal.
569 1814 656 1848 sept.)

431 1929 471 1957 28
485 1937 551 1963 aua.
567 1928 646 1956 1320

438 1975 465 2007 (v
481 1973 540 2000 kal.
561 1973 648 2008 sept.)

428 2139 467 2166 29
483 2148 549 2174 aua.
568 2139 655 2167 1320.

428 2187 470 2218 (ιν
492 2183 550 2211 kal.
573 2184 657 2219 sept.)

392 2301 404 2326 1
421 2298 480 2333 (kal
496 2300 504 2333 )
521 2302 590 2334 sept.
611 2298 699 2326 1320.

357 2513 378 2539 2
394 2515 435 2548 (lv
453 2512 534 2544 non.)
551 2515 619 2548 sept.
641 2512 728 2540 1320.

360 2672 378 2698 4
398 2675 430 2707 (11
451 2672 530 2704 non.)
551 2676 621 2708 sept.
642 2672 728 2700 1320.

509 2779 542 2806 Ut
564 2788 587 2807 s.

508 2886 542 2912 Ut
565 2895 587 2914 s,

761 347 934 380 JOANNIS
957 346 1076 378 PAPAE
1097 345 1200 377 XXII.
1223 345 1472 386 (mle-1³34).
1494 361 1533 367 -
1555 340 1742 373 LITTERAE
1763 340 1816 372 DE
1837 339 1963 372 CURIA

822 536 956 570 12223.
975 555 1013 561 -
1026 538 1110 579 May.
1130 538 1223 569 Petro
1244 536 1388 574 Duranti,
1412 546 1479 568 can.
1505 534 1718 571 Ebredunen.,
1734 534 1800 566 ΡΡ.
1823 543 1906 575 cap„
1920 533 1962 564 A.
1979 531 2016 566 S.
2033 532 2159 569 nuncio,
2172 531 2287 564 mand.
2304 532 2342 563 ut
2356 539 2378 563 a

776 601 973 624 successore
1000 591 1135 624 Joffridi
1153 590 1236 623 olim
1253 589 1416 630 archiep.i
1432 589 1607 621 Colonien.
1631 589 1724 629 petat
1740 588 1835 620 5..000
1857 585 1984 619 march.
2002 585 2133 627 argenti
2147 585 2228 618 olim
2242 585 2277 616 in
2295 583 2376 617 eccl.

776 646 951 678 Colonien.
971 645 1126 686 deposita
1141 644 1182 676 de
1198 644 1331 676 decima
1344 651 1406 683 pro
1421 641 1577 674 subsidio
1593 642 1707 674 Terrae
1719 641 1849 673 Sanctae
1863 639 2016 678 collecta,
2035 647 2110 679 quae
2129 638 2243 671 dictus
2265 637 2380 669 Joffri-

776 699 841 730 dus
857 699 964 730 fracto
987 698 1061 730 loco
1078 697 1225 738 depositi
1247 696 1376 737 absque
1400 696 1433 728 S.
1452 696 1491 727 A.
1507 695 1647 727 licentia
1673 693 1812 734 recepit,
1828 695 1861 726 et
1883 693 1918 724 in
1943 701 2024 725 suos
2047 700 2085 724 ac
2100 691 2182 724 eccl.
2198 699 2268 723 suae
2294 698 2379 722 usus

775 752 952 784 convertit.
973 751 1027 791 (V.
1043 753 1093 789 70,
1113 759 1165 791 ep.
1183 752 1253 788 1⁴0,
1271 750 1308 781 de
1319 752 1398 789 cur.)

824 802 959 836 12224.
978 822 1014 828 -
1032 804 1108 836 E'id.
1133 804 1247 836 mand.
1273 804 1310 835 ut
1327 803 1442 844 exigat
1465 811 1485 834 a
1500 810 1696 834 successore
1719 800 1862 833 Joannis
1887 800 1971 832 olim
1995 799 2064 840 ep.i
2079 798 2269 839 Trajecten.
2285 797 2382 829 3.000

777 859 904 891 march.
925 867 995 899 arg.
1015 858 1096 890 olim
1114 858 1148 889 in
1173 857 1254 889 eccl.
1275 856 1449 888 Colonien.
1475 855 1632 896 deposita
1650 855 1690 887 de
1712 854 1845 886 decima
1862 862 1924 894 pro
1951 852 2106 885 subsidio
2121 852 2235 884 Terrae
2251 850 2380 882 Sanctae

777 913 930 950 collecta,
946 921 1021 953 quae
1037 911 1148 943 dictus
1165 912 1314 943 Joannes
1330 910 1430 941 modo
1447 909 1606 950 praedicto
1627 907 1810 940 subtraxit.
1825 906 1879 948 (V.
1896 908 1947 944 70,
1965 915 2019 947 ep.
2035 907 2105 943 111,
2127 903 2164 936 de
2179 905 2260 944 cur.)

824 963 960 994 12225.
981 983 1018 988 —
1034 964 1110 996 Eid.
1126 964 1239 996 mand.
1259 964 1296 995 ut
1313 963 1425 1004 exigat
1441 971 1461 994 a
1477 971 1555 1003 rege
1570 961 1742 994 Bohemiae
1757 962 1817 993 580
1839 959 1995 992 marchas
2009 966 2208 1000 grossorum
2224 956 2380 989 denario-

778 1028 853 1050 rum
868 1027 1006 1059 pragen.
1022 1018 1065 1049 ad
1084 1017 1218 1058 pondus
1234 1017 1422 1057 Maguntin.
1438 1025 1523 1057 quas
1547 1015 1589 1047 cl.
1606 1024 1652 1046 m.
1670 1014 1896 1047 Wencezlaus
1915 1022 1977 1045 rex
1993 1011 2120 1053 recepit
2135 1020 2155 1043 a
2170 1019 2259 1052 mag.
2274 1011 2382 1042 Bona-

776 1072 850 1112 Juto
867 1072 907 1103 de
933 1071 1120 1109 Casentin.,
1138 1079 1212 1102 can.
1231 1070 1447 1111 Aquilegen.‚
1465 1070 1506 1101 A.
1523 1069 1557 1101 S.
1585 1068 1719 1107 nuntio,
1732 1069 1812 1099 tunc
1838 1067 2017 1099 collectore
2033 1065 2241 1098 decimarum
2257 1063 2294 1095 in
2309 1061 2382 1095 illis

779 1125 935 1166 partibus
951 1133 1012 1165 pro
1028 1124 1118 1156 Eccl.
1138 1125 1304 1156 Romana.
1330 1123 1383 1162 (V.
1401 1124 1450 1160 70,
1467 1132 1520 1163 ep.
1537 1124 1607 1160 142,
1624 1122 1660 1153 de
1672 1123 1751 1160 cur.)

826 1176 960 1207 12226.
979 1197 1018 1202 -
1039 1177 1114 1209 Eid.
1140 1186 1232 1209 conc.
1249 1178 1400 1217 potestas
1419 1177 1455 1208 ut
1478 1184 1597 1208 omnes
1614 1175 1835 1216 pecuniarum
1848 1181 2001 1206 summas
2019 1181 2094 1214 quae
2111 1171 2203 1204 Eccl.
2219 1172 2381 1204 Romanoe

780 1232 944 1264 debentur
968 1232 1003 1263 in
1025 1232 1222 1266 T1·everen.,
1241 1230 1441 1270 Maguntin„
1455 1229 1634 1273 *Coloniem
1652 1230 1685 1260 et
1703 1227 1943 1268 Salzeburgen.
1962 1225 2171 1264 civitatibus,
2186 1225 2232 1257 di.
2256 1225 2290 1257 et
2305 1231 2382 1264 pro·

780 1285 904 1316 vinciis
922 1285 1032 1325 possit
1059 1285 1206 1324 exigere,
1235 1283 1327 1315 Eccl.
1358 1284 1520 1315 Romanae
1538 1282 1687 1318 nomine,
1707 1283 1740 1314 et
1765 1281 1870 1313 citare
1897 1281 2091 1312 detentores
2119 1279 2150 1310 si
2180 1277 2380 1319 expedierit.

781 1339 833 1378 (V.
851 1340 901 1376 70,
919 1347 971 1378 ep.
992 1340 1061 1376 143,
1081 1338 1118 1369 de
1133 1337 1214 1377 cur.)

827 1389 961 1421 12227.
978 1409 1017 1415 -
1033 1391 1145 1421 Eidem
1161 1391 1260 1422 datur
1274 1390 1389 1422 littera
1405 1389 1446 1421 de
1460 1398 1578 1421 securo
1595 1389 1772 1421 conductu.
1793 1387 1845 1429 (V.
1862 1389 1913 1425 70,
1931 1396 1983 1428 ep.
2006 1388 2075 1425 144,
2093 1385 2132 1418 de
2149 1387 2230 1425 cur.)

827 1442 963 1475 12228.
982 1463 1021 1468 -
1037 1443 1175 1476 Ger-ardo
1195 1443 1326 1475 Gentilis
1338 1447 1367 1474 et
1382 1443 1546 1484 Bonifacio
1570 1442 1607 1474 de
1631 1442 1779 1480 Perutiis,
1799 1441 2019 1472 mercatoribus
2039 1439 2212 1471 Florentia.
2238 1437 2275 1470 de
2291 1437 2384 1470 socie·

782 1503 843 1529 cate
858 1499 1055 1529 Perutiorum
1071 1497 1108 1529 de
1128 1497 1299 1534 Florentia,
1316 1498 1416 1529 datur
1432 1496 1618 1537 recognitio
1637 1496 1787 1536 quinque
1802 1495 1950 1527 millium
1966 1494 2039 1526 flor.
2056 1493 2131 1525 auri
2146 1501 2233 1534 quos
2249 1492 2385 1524 mutua-

781 1554 903 1583 verunt
924 1551 1090 1584 Gasberto
1121 1560 1196 1591 ep.o
1223 1551 1426 1588 Massilien„
1453 1551 1520 1582 ΡΡ.
1537 1549 1744 1585 Camerario‚
1772 1550 1810 1581 E.
1827 1550 1870 1581 R.
1895 1548 2031 1580 nomine
2054 1546 2246 1587 recipienti.
2263 1545 2316 1586 (V.
2331 1545 2384 1583 70,

782 1614 835 1645 ep.
853 1607 922 1643 128,
941 1605 978 1636 de
995 1606 1077 1644 cur.)

829 1656 963 1689 12229.
981 1676 1019 1681 —-
1033 1659 1150 1689 ,loanni
1165 1658 1306 1689 Bartholi
1319 1658 1355 1689 de
1370 1657 1487 1689 Bardis
1504 1663 1532 1688 et
1548 1657 1659 1688 Lorino
1680 1657 1842 1698 Bonajuti,
1859 1655 2078 1687 mercatoribus
2095 1654 2266 1686 florentin.
2287 1653 2324 1686 de
2338 1663 2385 1685 so·

783 1714 890 1743 cietate
908 1712 1080 1743 Bar-dorum
1094 1712 1130 1742 de
1144 1712 1316 1750 Florentia,
1334 1712 1434 1744 datur
1450 1711 1577 1743 similis
1591 1710 1790 1751 recognitio.
1808 1710 1863 1751 (V.
1884 1711 1935 1748 70,
1954 1718 2007 1750 ep.
2026 1709 2096 1747 129,
2111 1708 2148 1740 de
2162 1708 2241 1748 cur.)

829 1763 964 1796 12230.
981 1784 1017 1789 -
1036 1766 1088 1797 Ad
1099 1766 1238 1806 futuram
1254 1766 1299 1796 rei
1326 1765 1514 1796 memoriam.
1535 1783 1567 1788 -
1579 1765 1788 1797 Reservatur
1813 1763 1894 1795 eccl.
1911 1763 2033 1795 Elnen.
2048 1771 2138 1794 nunc
2153 1770 2240 1800 vac„
2257 1762 2291 1794 et
2305 1761 2386 1794 scri-

785 1820 878 1851 bitur
894 1821 930 1851 ut
947 1819 1121 1851 notificent
1145 1819 1412 1851 reservationem
1435 1819 1547 1858 ipsam
1561 1827 1588 1850 s.
1605 1818 1782 1850 Michaelis
1797 1817 1839 1849 de
1853 1817 2019 1854 Cussano,
2035 1825 2065 1848 s,
2080 1815 2220 1848 Martini
2234 1815 2275 1847 de
2288 1815 2385 1848 Cani·

782 1882 868 1913 gono
880 1882 918 1904 ac
930 1882 957 1903 s.
970 1873 1108 1904 Genesii
1120 1874 1266 1904 monast.
1279 1872 1370 1910 abb„
1382 1872 1502 1903 Elnen.
1515 1871 1562 1902 di.
1573 1871 1627 1912 (V.
1639 1873 1687 1908 70,
1701 1880 1754 1911 ep.
1767 1872 1836 1908 121,
1849 1869 1885 1901 de
1895 1880 1960 1901 cur.
1971 1880 1981 1908 ;
1993 1869 2121 1906 Coulon,
2131 1878 2164 1901 n.
2177 1870 2268 1905 1145,
2281 1868 2386 1909 1146.)

829 1923 964 1956 12231.
985 1944 1024 1948 -
1039 1926 1168 1957 Νἱεοῐαο
1184 1936 1254 1966 ep.n
1267 1926 1455 1956 Anconitan.
1471 1930 1499 1956 et
1515 1925 1683 1956 Laurentio
1697 1925 1733 1955 de
1747 1923 1936 1965 Moudayno,
1963 1923 1997 1954 0.
2015 1922 2071 1959 M„
2089 1923 2204 1955 mand.
2221 1923 2259 1954 ut
2272 1930 2387 1963 proce·
2416 1936 2418 1941 ⁸

783 1980 862 2011 dant
879 1981 996 2011 contra
1021 1980 1186 2019 quosdam
1204 1979 1296 2010 cives
1311 1979 1516 2011 Recanaten.
1532 1981 1564 2010 et
1578 1979 1762 2010 Auximan.
1781 1987 1818 2009 ac
1838 1977 2058 2009 Fredericum
2081 1977 2122 2008 de
2144 1975 2386 2008 Monteferetra

783 2033 841 2073 qui
859 2033 1072 2064 diversarum
1091 2033 1271 2064 haeresium
1286 2032 1460 2063 erroribus
1476 2032 1635 2064 dicuntur
1650 2040 1726 2063 esse
1740 2031 1866 2063 foedati.
1879 2030 1934 2072 (V.
1948 2032 1998 2070 70,
2010 2039 2063 2070 ep.
2076 2031 2147 2068 136,
2163 2029 2200 2060 de
2216 2039 2303 2068 cur,;
2318 2029 2386 2061 Eu-

783 2086 848 2123 bel,
870 2085 1044 2116 Bullarium
1062 2086 1314 2123 Franciscanum,
1331 2087 1354 2116 t.
1373 2087 1416 2123 V,
1433 2095 1465 2125 p.
1483 2086 1552 2123 188,
1570 2094 1603 2116 n.
1617 2086 1702 2124 405.)

829 2137 963 2168 12232,
981 2158 1018 2163 -
1041 2140 1127 2180 Moy.
1145 2139 1334 2179 Berenqario
1350 2139 1386 2169 de
1404 2139 1549 2179 Olarqiis,
1563 2139 1711 2170 thesaur.
1726 2138 1807 2170 eccl.
1825 2138 2005 2174 Biterren.‚
2017 2137 2132 2168 mand.
2149 2138 2187 2168 ut
2199 2137 2388 2177 lignamina

784 2194 817 2224 et
834 2202 888 2224 res
916 2193 1001 2224 alias
1024 2202 1097 2232 quae
1115 2193 1354 2224 remanserunt
1373 2192 1413 2223 de
1433 2201 1533 2232 opere
1556 2192 1730 2232 galearum
1748 2192 1869 2223 vendat
1886 2193 1919 2223 et
1945 2190 2093 2231 pretium
2117 2199 2260 2222 camerae
2275 2191 2386 2231 apost.

784 2246 946 2286 assignet.
963 2246 1018 2287 (V.
1036 2247 1086 2285 70,
1106 2255 1157 2285 ep.
1178 2247 1246 2281 130,
1266 2245 1303 2276 de
1321 2255 1406 2283 cur.;
1430 2244 1558 2283 Coulon,
1573 2254 1606 2277 n.
1627 2246 1729 2285 1147.)

830 2297 964 2329 12233.
977 2318 1014 2323 —-
1026 2299 1110 2340 May.
1124 2299 1285 2330 Ber-nardo
1299 2299 1334 2330 de
1345 2298 1576 2330 Montevalrano
1587 2299 1706 2329 archid.
1721 2298 1887 2330 Sicaloniae
1897 2299 1930 2329 in
1942 2297 2014 2329 eccl.
2029 2298 2215 2336 Bituricen„
2226 2297 2294 2328 ΡΡ.
2303 2307 2386 2340 cap„

783 2353 825 2384 ad
844 2353 937 2393 regni
953 2353 1066 2384 Daciae
1082 2355 1195 2392 partes
1209 2354 1248 2384 A.
1265 2353 1298 2384 S.
1314 2353 1445 2390 nuntio,
1461 2361 1553 2384 conc.
1572 2353 1736 2384 salarium
1753 2362 1786 2384 1v
1805 2353 1878 2384 flor.
1895 2352 1969 2384 auri
1986 2352 2190 2392 exigendum
2203 2360 2224 2383 a
2235 2351 2388 2392 praelatis

783 2407 877 2446 regni
904 2407 1067 2446 praedicti,
1088 2406 1248 2445 capitulis
1265 2407 1297 2437 et
1315 2415 1424 2441 conv.‚
1441 2406 1585 2438 durante
1608 2406 1844 2446 prosecutione
1861 2405 2117 2438 commissionis
2133 2405 2201 2437 sibi
2219 2405 2314 2437 factae
2331 2413 2388 2437 ne·

783 2461 952 2500 goliorum
969 2460 1049 2491 eccl.
1067 2460 1218 2491 Lunden.
1238 2459 1290 2499 (V.
1310 2461 1360 2497 70,
1372 2469 1424 2500 ep.
1445 2461 1513 2497 135,
1528 2459 1566 2490 de
1584 2462 1663 2499 cur.)
2204 2447 2206 2451 ’

830 2510 966 2543 12234.
984 2532 1022 2536 -
1038 2513 1117 2544 Eid.
1133 2513 1245 2544 mand.
1260 2513 1351 2553 quod
1366 2513 1622 2554 possitexigere
1631 2515 1663 2545 et
1673 2513 1822 2553 recipere
1836 2513 1950 2545 omnia
1963 2513 2074 2553 legata
2087 2512 2122 2544 in
2133 2513 2247 2544 Terrae
2257 2511 2387 2544 Sanctae

784 2566 976 2598 subsidium
1003 2566 1038 2597 in
1058 2575 1161 2607 regno
1187 2567 1299 2598 Daciae
1317 2575 1336 2597 a
1358 2566 1630 2606 quibuscumque
1655 2566 1743 2598 facta
1758 2567 1792 2598 et
1815 2566 2019 2607 compellere
2046 2565 2235 2598 detinentes
2260 2574 2301 2598 ea
2325 2572 2387 2605 per

784 2629 963 2652 censuram
982 2620 1259 2651 ecclesiasticam.
1277 2619 1330 2657 (V.
1347 2621 1397 2657 70,
1414 2629 1467 2659 ep.
1487 2621 1556 2658 132,
1576 2619 1612 2650 de
1626 2621 1704 2660 cur.)

830 2670 965 2702 12235.
984 2691 1023 2697 -
1043 2674 1234 2712 Deputatur
1249 2673 1344 2703 eidem
1357 2673 1522 2704 salarium
1538 2673 1644 2704 trium
1661 2674 1734 2705 ssor.
1752 2673 1827 2705 auri
1843 2682 1904 2713 pro
1921 2674 1975 2705 die
1995 2673 2147 2714 qualibet
2163 2679 2230 2713 qua
2253 2671 2388 2712 negotia

783 2727 816 2759 S.
835 2727 877 2758 A.
893 2728 1119 2767 prosequetur
1131 2728 1208 2766 post
1218 2726 1470 2767 expeditionem
1486 2727 1699 2767 negotiorum
1715 2727 1796 2759 eccl.
1810 2727 2030 2768 Lunden.(V.
2041 2728 2091 2763 70,
2106 2735 2159 2767 ep.
2176 2725 2292 2761 131‚de
2306 2724 2387 2766 cur.)

831 2777 966 2810 12236.
982 2797 1020 2801 -
1049 2779 1125 2811 Eid.
1152 2780 1265 2811 mand.
1291 2781 1329 2811 ut
1350 2781 1442 2820 petat
1470 2780 1505 2811 in
1531 2780 1621 2811 dicto
1643 2789 1747 2820 regno
1770 2789 1910 2812 censum
1933 2780 1992 2820 qui
2013 2781 2152 2812 vocatur
2172 2779 2333 2811 denarius
2351 2778 2385 2810 S.

784 2834 890 2871 Petri,
906 2834 996 2865 Eccl.
1015 2834 1177 2866 Romanae
1195 2833 1357 2865 debitum.
1383 2833 1437 2873 (V.
1457 2835 1508 2871 70,
1524 2843 1577 2874 ep.
1593 2836 1662 2871 133,
1681 2834 1717 2864 de
1733 2834 1814 2874 cur.)

833 2884 967 2916 12237.
987 2904 1024 2909 -
1042 2886 1116 2917 Eid.
1136 2887 1250 2918 mand.
1266 2887 1357 2927 quod
1373 2887 1523 2927 inquirat
1544 2887 1584 2918 de
1602 2887 1782 2918 latitudine
1799 2887 2016 2927 episcopatus
2032 2887 2233 2920 Roskilden.
2251 2886 2284 2917 et
2299 2885 2388 2918 Sies-

785 2940 905 2971 wicen.
923 2941 957 2971 in
973 2949 1075 2981 regno
1091 2940 1203 2972 Daciae
1220 2949 1405 2980 eorumque
1420 2940 1628 2978 dioecesium,
1646 2949 1706 2980 per
1722 2942 1804 2980 quot
1817 2941 1926 2972 dietas
1941 2940 2200 2980 protenduntur,
2212 2940 2253 2971 de
2269 2947 2387 2971 eorum

787 2993 989 3028 redditibus,
1010 2995 1092 3033 quot
1115 2993 1330 3033 episcopatus
1351 2995 1490 3033 possent
1512 2994 1559 3025 ibi
1580 2994 1699 3033 creari,
1715 2994 1747 3025 et
1770 2993 1862 3034 quod
1877 3002 1980 3033 super
1995 2993 2039 3025 iis
2059 2993 2172 3025 mittat
2185 2993 2387 3024 relationem

785 3046 933 3078 fidelem.
952 3047 1005 3086 (V.
1022 3048 1070 3083 70,
1090 3055 1142 3086 ep.
1162 3048 1231 3082 134,
1248 3046 1283 3077 de
1296 3047 1377 3087 cur.)
