2566 3562
188 433 291 460 Datum
321 424 506 460 Avenione.

239 851 279 878 2¹
298 850 353 886 feb.
370 849 457 879 1326.

231 895 275 931 (ix
292 895 353 923 kal.
369 893 471 930 mart.)

309 1114 346 1142 Ut
365 1122 389 1142 s.

221 1195 224 1198 Δ
239 1160 276 1202 T.
294 1159 365 1194 xlv,
381 1158 451 1186 XVI.
472 1185 474 1187 ,

241 1433 284 1461 22
300 1432 463 1467 febs1321.

221 1478 288 1514 (vni
302 1477 361 1506 kal.
383 1476 485 1513 mart.)

292 1523 322 1550 T.
343 1522 413 1550 XVI.

312 1595 349 1622 Ut
365 1603 388 1622 s.

290 1639 320 1665 Τ.
341 1638 412 1665 XVI.

314 1700 350 1728 Ut
366 1708 390 1728 s.

201 1745 248 1774 Gr.
263 1753 314 1780 pro
331 1752 409 1780 pers.
423 1744 501 1772 card.

199 2065 247 2092 Gt.
266 2019 414 2100 mezess-s'
434 2063 513 2090 card.

319 2337 353 2365 Ut
373 2345 396 2364 s.

264 2382 294 2409 T.
314 2381 360 2415 XI,
378 2380 449 2408 XIII.

318 2497 356 2525 Ut
371 2505 395 2524 s.

323 2655 360 2683 Ut
380 2663 404 2682 s.

322 2761 359 2789 Ut
378 2769 402 2788 s.

271 2805 301 2833 T.
317 2804 364 2839 XI,
381 2804 453 2832 XIII.

328 2920 364 2948 Ut
384 2924 419 2948 8.·

555 338 728 370 JOANNIS
751 338 869 369 PAPAE
890 338 992 369 XXII.
1016 339 1262 379 (1316-1334).
1287 354 1324 359 —
1346 336 1532 367 LITTERAE
1555 336 1779 367 COMMUNES
2121 336 2181 367 247

584 529 818 569 dispensatum
837 530 873 559 ut
893 536 1002 567 usque
1023 527 1065 558 ad
1090 527 1304 567 septennium
1322 527 1514 558 litterarum
1535 527 1725 558 insistendo
1745 526 1858 558 studio
1875 535 1942 558 non
1958 527 2130 559 teneretur
2144 535 2181 559 so

584 583 694 626 facere
713 582 755 613 ad
776 581 1003 613 sacerdotium
1019 580 1223 620 promoveri,
1246 574 1441 619 hujusmodi
1462 580 1574 611 studio
1592 580 1747 611 continue
1772 580 1913 611 minime
1933 580 2069 618 institit,
2092 582 2125 612 et
2141 589 2181 612 οο

585 636 700 676 elapso
724 634 901 675 septennio
923 642 960 665 se
982 633 1061 664 fecit
1085 633 1127 664 ad
1146 641 1264 663 omnes
1288 633 1359 664 ord.
1387 633 1579 672 promoveri
1602 633 1734 664 fructus
1760 633 1898 664 interim
1926 633 2119 672 percipiens
2141 642 2182 665 ex

585 688 664 720 eccl.
679 689 877 720 memorata.
894 705 931 709 —
946 687 972 717 I.
995 695 1022 717 e.
1041 695 1086 716 m.
1098 686 1139 716 de
1156 686 1390 725 Monteregali‚
1408 686 1447 716 de
1463 694 1492 716 5.
1508 686 1620 717 Felice
1636 694 1673 716 ac
1687 694 1713 716 s.
1729 685 1906 716 Michaelis
1921 686 1962 717 de
1973 686 2182 718 Castronovo

585 742 626 774 de
642 740 755 778 Arrio,
774 741 1031 776 carcassonen„
1045 739 1203 770 Tolosan.
1222 739 1293 769 ets.
1314 738 1436 777 Papuli
1452 739 1510 773 di„
1526 738 1662 769 decanis
1678 738 1758 769 eccl.
1776 738 1828 778 (A.
1845 739 1893 776 14,
1912 738 1935 770 f.
1953 740 2008 771 241
2028 744 2059 776 ³3
2080 739 2117 771 V.
2131 741 2181 776 71,

585 803 637 834 ep.
659 795 746 831 430.)

631 843 764 876 12988.
783 864 821 869 -
837 844 1030 876 Raimundus
1046 853 1141 884 ep.us
1155 843 1276 874 Alben.
1290 843 1471 882 praeficitur
1483 844 1518 873 in
1532 851 1646 882 epum
1658 843 1737 874 eccl.
1752 843 1921 879 Theatin.,
1937 853 2008 875 vac.
2026 854 2086 884 per
2097 845 2180 876 obit.

584 899 678 932 Petri
691 900 724 931 et
741 907 801 939 per
817 898 1006 929 cessionem
1022 896 1199 928 Guillelmi
1216 897 1257 927 de
1272 896 1435 936 Gigniaco
1452 896 1491 927 O.
1508 897 1546 927 F.
1567 897 1611 927 M.
1628 905 1647 926 a
1663 896 1764 935 capit.
1785 896 1840 932 el.,
1860 897 1919 936 qui
1932 906 2009 928 cum
2025 906 2182 936 procura-

550 970 554 974 »
584 954 656 984 tore
670 952 781 992 ipsius
799 951 886 989 ord„
911 949 1106 990 hujusmodi
1122 949 1280 980 electioni
1303 958 1339 980 se
1357 950 1559 988 opponente,
1578 949 1706 980 diutius
1728 958 1782 988 ap.
1801 949 1834 980 S.
1860 951 1901 980 A.
1924 949 2126 989 litigaverat.
2146 968 2184 973 -

585 1006 613 1037 Ι.
630 1013 659 1036 0.
677 1013 722 1036 m.
740 1004 841 1044 capit.
856 1005 888 1035 et
903 1003 1063 1034 vassallis
1077 1002 1157 1034 eccl.
1173 1002 1327 1034 Theatin.
1346 1002 1387 1033 ad
1403 1002 1444 1033 R.
1461 1002 1499 1033 E.
1514 1002 1607 1033 nullo
1623 1002 1735 1033 medio
1747 1002 1871 1042 pertin.
1884 1011 1893 1039 3
1908 1002 1997 1033 clero
2013 1004 2045 1034 et
2059 1003 2183 1042 populo

586 1058 678 1090 civit.
693 1059 726 1089 et
737 1057 783 1088 di.
798 1057 853 1096 (V.
870 1059 920 1094 71,
937 1065 988 1096 ep.
1002 1058 1078 1092 607;
1091 1055 1212 1092 Eubel,
1228 1065 1279 1096 op.
1296 1055 1361 1091 cit„
1381 1064 1412 1094 p.
1432 1056 1501 1090 195,
1519 1063 1550 1085 n.
1567 1054 1655 1093 419.)

633 1108 766 1140 12989.
787 1127 825 1132 -
842 1110 961 1141 Collat.
981 1109 1062 1141 eccl.
1079 1109 1119 1140 de
1133 1109 1285 1140 Volveno
1299 1109 1332 1139 et
1346 1109 1386 1139 de
1401 1108 1593 1148 Creyshens
1609 1108 1754 1139 invicem
1768 1116 1989 1145 annexarum,
2006 1109 2182 1140 Caturcen.

587 1165 646 1202 di„
663 1173 725 1204 per
739 1163 987 1195 assecutionem
1005 1172 1023 1193 a
1042 1162 1229 1194 Bertrando
1245 1162 1286 1193 de
1301 1170 1329 1192 s.
1353 1161 1512 1196 Genesim
1532 1162 1598 1192 ΡΡ.
1618 1170 1703 1200 cap.‚
1726 1161 1848 1192 factam
1864 1161 1905 1192 de
1921 1161 2086 1192 decanatu
2102 1161 2183 1193 eccl.

586 1217 818 1258 Engolismen.
844 1216 911 1255 ipsi
930 1224 990 1256 per
1008 1216 1136 1255 Papam
1161 1216 1283 1246 collato
1299 1223 1384 1251 vac.‚
1411 1213 1542 1245 Geraldo
1565 1214 1602 1244 de
1624 1214 1829 1255 Curtocampo
1849 1214 1908 1254 qui
1930 1214 2148 1253 dispensatur
2165 1223 2185 1245 a

587 1270 738 1311 generali
755 1269 899 1301 concilio
912 1277 1016 1309 super
1030 1268 1163 1300 defectu
1180 1268 1291 1300 aetatis
1308 1269 1359 1307 (24
1376 1268 1458 1306 am),
1475 1269 1507 1298 et
1523 1276 1590 1298 non
1607 1267 1693 1298 obst.
1712 1267 1802 1307 quod
1818 1266 1928 1298 benef.
1949 1276 1976 1298 s.
2001 1276 2042 1303 c..
2059 1268 2184 1308 pertin.

589 1323 630 1354 ad
645 1323 758 1354 collat.
777 1323 845 1363 ep.i
859 1322 1050 1359 caturcen„
1071 1323 1157 1352 auct.
1176 1322 1284 1360 apost.
1300 1321 1462 1360 expectet.
1480 1338 1519 1357 —‚
1532 1320 1557 1351 Ι.
1572 1329 1601 1351 e.
1618 1329 1661 1350 m.
1679 1328 1754 1360 ep.o
1768 1320 1997 1356 Lemovicen.,
2012 1321 2044 1351 et
2057 1320 2184 1351 archid.

589 1377 629 1408 de
646 1376 794 1416 Figiaco‚
811 1384 849 1407 ac
864 1375 1000 1415 Hugoni
1014 1374 1178 1415 Rotgerii,
1194 1383 1267 1405 can.
1283 1374 1363 1405 eccl.
1383 1374 1559 1404 Caturcen.
1578 1373 1630 1412 (A.
1647 1374 1695 1409 15,
1711 1373 1732 1403 f.
1751 1374 1791 1404 52
1806 1378 1835 1409 a;
1857 1372 1891 1404 V.
1909 1374 1958 1411 71,
1973 1382 2026 1412 ep.
2042 1373 2127 1413 693.)

636 1426 773 1459 12990.
789 1447 827 1452 -
845 1427 1109 1460 Testimoniales
1129 1427 1394 1458 consecrationis
1415 1426 1576 1467 Baynucz'o
1595 1435 1664 1467 ep.o
1687 1425 1848 1457 Vulleran.
1871 1434 1931 1465 per
1953 1426 2185 1458 Gualhardum

589 1482 797 1523 archiep.um
814 1482 985 1514 Arelaten.
1002 1482 1088 1512 auct.
1106 1482 1214 1520 apost.
1230 1480 1402 1520 impensae.
1418 1480 1474 1520 (A.
1495 1482 1543 1518 14,
1568 1480 1591 1510 f.
1610 1481 1668 1511 189
1684 1484 1712 1516 ⁸;
1733 1479 1768 1511 V.
1785 1481 1833 1516 71,
1850 1487 1903 1518 ep.
1919 1479 2006 1519 422.)

635 1586 769 1618 12991.
791 1576 829 1612 ’-
852 1587 1013 1620 Gumezmo
1029 1597 1100 1628 ep.o
1117 1586 1227 1618 Alban.
1247 1587 1336 1617 idem
1356 1586 1560 1618 conceditur.
1582 1586 1634 1626 (A.
1660 1588 1708 1623 14,
1733 1586 1755 1616 f.
1777 1587 1835 1617 190
1853 1585 1883 1623 ιη
1905 1586 1941 1617 V.
1961 1587 2010 1622 71,
2029 1594 2081 1625 ep.
2099 1585 2187 1625 426.)

636 1693 772 1727 12992.
793 1713 829 1718 -
846 1695 967 1726 Collat.
989 1703 1108 1726 canon.
1134 1695 1167 1725 et
1188 1693 1291 1733 praeb.
1309 1693 1389 1724 eccl.
1411 1693 1675 1732 compostellan.
1696 1702 1734 1724 ac
1755 1692 1935 1724 archidiac.
1959 1693 1999 1724 de
2017 1692 2135 1724 Salves
2153 1693 2187 1723 in

589 1750 662 1783 ead.
687 1750 781 1786 eccl.‚
806 1748 1116 1789 praestimoniorum
1138 1748 1170 1778 et
1195 1746 1514 1786 praestimonialium
1538 1746 1662 1784 benef.,
1686 1755 1747 1786 per
1772 1746 1956 1777 consecrat.
1976 1746 2118 1776 Joannis
2137 1754 2189 1777 ar-

590 1803 712 1843 chiep.i
738 1802 890 1834 Toletan.
914 1810 999 1838 vac„
1022 1800 1204 1841 Raymundo
1223 1800 1258 1830 S.
1283 1800 1326 1830 M.
1349 1799 1381 1829 in
1400 1798 1557 1830 Cosmedz'n
1574 1799 1654 1829 diac.
1675 1798 1772 1835 card„
1788 1807 1864 1830 cum
1883 1799 2032 1838 dispens.
2053 1807 2072 1830 a.
2091 1807 2189 1839 gene-

590 1857 654 1888 rali
672 1856 814 1887 concilio
831 1863 933 1894 super
948 1853 1266 1894 incompatibilitate
1281 1852 1404 1892 plural.
1423 1852 1536 1883 benef.
1552 1861 1626 1892 quaa
1642 1861 1708 1883 non
1727 1852 1976 1891 exprimuntur.
1995 1868 2031 1875 —
2043 1852 2070 1883 I.
2089 1861 2118 1883 e.
2138 1860 2186 1883 m.

590 1911 764 1942 Caturcen.
793 1909 825 1940 et
851 1907 1058 1947 Forojulien.
1076 1906 1174 1946 epis,
1196 1915 1233 1937 ac
1256 1906 1393 1938 sicardo
1411 1906 1451 1936 de
1468 1906 1594 1941 Vauro.
1614 1914 1687 1936 can.
1703 1905 1880 1936 Caturcen.
1901 1905 1954 1945 (A.
1973 1907 2021 1942 14,
2041 1905 2064 1936 f.
2081 1906 2141 1936 298
2157 1910 2187 1942 ³3

595 1963 631 1994 V.
653 1965 704 2000 71,
719 1971 771 2001 ep.
788 1963 874 2000 475.)

637 2013 770 2045 12993.
789 2033 829 2038 -
847 2014 969 2047 Collat.
990 2015 1085 2045 motu
1109 2013 1246 2053 proprio
1269 2012 1404 2052 paroch.
1428 2012 1509 2043 0001.
1528 2012 1569 2043 (10
1593 2011 1780 2049 WVafforde,
1804 2011 2014 2042 Lincolnien.
2043 2011 2103 2048 di„
2129 2020 2189 2051 per

590 2069 827 2101 dimissionem
850 2077 869 2099 a
893 2067 1074 2107 Radulpho
1097 2067 1137 2097 de
1153 2067 1237 2098 Siok
1256 2066 1353 2106 juxta
1369 2067 1521 2096 tenorem
1546 2065 1799 2096 constitutionis
1816 2073 1919 2104 super
1935 2064 2058 2104 plural.
2077 2064 2188 2096 benef.

590 2131 697 2162 nuper
715 2122 813 2153 editae
830 2130 916 2159 vac,
932 2119 1115 2161 Raymumio
1134 2119 1170 2150 S.
1192 2119 1234 2150 M.
1253 2119 1286 2149 in
1304 2118 1474 2150 Cosmedin.
1497 2118 1577 2149 diac.
1600 2117 1698 2155 card„
1722 2127 1798 2148 cum
1823 2117 1973 2156 dispens.
1998 2126 2017 2148 a
2039 2118 2190 2158 generali

591 2176 735 2208 concilio
751 2183 852 2214 super
866 2173 1185 2214 incompatibilitate
1201 2172 1325 2212 plural.
1341 2171 1451 2204 benef.
1470 2180 1544 2212 quae
1561 2180 1628 2203 non
1644 2171 1893 2211 exprimuntur.
1907 2188 1946 2193 —
1962 2171 1988 2201 I.
2007 2179 2036 2202 0.
2052 2179 2098 2201 m.
2116 2179 2191 2211 ep.o

592 2230 783 2264 Caturcen„
801 2229 833 2259 et
849 2227 924 2259 abb.
949 2228 1095 2258 monast.
1120 2227 1161 2257 de
1179 2226 1350 2263 Ramesia,
1372 2225 1582 2256 Lincolnien.
1605 2225 1665 2262 di„
1685 2233 1722 2255 ac
1748 2224 1885 2255 Sicardo
1905 2224 1945 2255 de
1969 2225 2096 2261 Vauro,
2117 2233 2189 2255 can.

591 2282 782 2318 Caturcen„
801 2290 834 2312 u.
847 2281 873 2321 j.
887 2280 1087 2320 professori.
1103 2279 1157 2320 (A.
1175 2280 1224 2316 14,
1244 2279 1266 2310 f.
1287 2281 1346 2310 344
1361 2278 1392 2315 1³5
1417 2277 1450 2308 V.
1470 2280 1519 2316 71,
1535 2287 1588 2318 ep.
1605 2277 1690 2318 486.)

640 2331 774 2363 12994.
792 2353 830 2357 -
847 2333 968 2366 Collat.
985 2341 1104 2364 canon.
1120 2334 1152 2363 et
1168 2332 1331 2363 sacristiae
1344 2331 1424 2362 eccl.
1443 2340 1470 2362 s.
1489 2330 1656 2371 Agricolae
1673 2330 1882 2362 Avenionen.
1903 2338 2010 2369 nuper
2024 2330 2058 2360 in
2073 2329 2190 2369 colleg.

594 2389 712 2419 ereetae
735 2386 917 2428 Raymundo
939 2385 1078 2417 Martini.
1099 2403 1138 2408 —-
1158 2385 1186 2416 1.
1209 2394 1237 2416 0.
1261 2394 1306 2415 m.
1333 2393 1408 2424 ep.o
1432 2383 1654 2424 Forojulien.,
1681 2384 1713 2414 et
1738 2383 1889 2414 sacristae
1911 2382 2134 2419 Avenionen.‚
2155 2390 2193 2413 30

593 2441 756 2472 Gaufrido
773 2440 814 2471 de
831 2448 859 2471 s.
875 2438 1050 2474 Michaele‚
1066 2447 1138 2470 can.
1158 2438 1434 2478 Carpentoraten.
1456 2437 1506 2474 (A.
1526 2438 1575 2473 15,
1597 2436 1619 2467 f.
1640 2438 1679 2467 72
1697 2441 1724 2471 ²²;
1749 2435 1782 2466 V.
1801 2437 1851 2472 71,
1865 2443 1916 2474 ep.
1937 2436 2022 2473 556.)

642 2490 774 2522 12995.
797 2509 836 2515 —-
855 2492 976 2524 Collat.
991 2500 1109 2522 canon.
1129 2492 1161 2522 et
1179 2491 1342 2530 operariae
1363 2489 1544 2521 moxdictae
1564 2489 1645 2519 eccl.
1666 2497 1692 2519 S.
1711 2488 1876 2527 Agricolae
1890 2487 2007 2519 Joanni
2023 2486 2058 2517 de
2077 2486 2192 2518 Gorda.

595 2565 633 2570 —
650 2546 678 2577 Ῑ.
698 2555 726 2576 0.
746 2554 792 2577 m.
808 2553 884 2585 ep.o
899 2544 1056 2585 Dignen.‚
1074 2545 1107 2575 et
1123 2543 1248 2575 archid.
1271 2544 1351 2575 eccl.
1374 2552 1402 2573 s.
1425 2542 1523 2573 Pauli
1546 2541 1768 2577 Avenionen.‚
1792 2549 1829 2571 ac
1845 2540 2009 2572 Gaufrido
2026 2541 2067 2571 de
2085 2549 2114 2570 s.
2131 2540 2193 2571 Mi-

597 2599 710 2631 chaele
729 2598 898 2638 praedicto.
918 2597 969 2637 (A.
990 2599 1038 2633 15,
1058 2597 1080 2628 f.
1098 2598 1137 2628 72
1152 2602 1183 2633 ⁸;
1205 2597 1240 2628 V.
1257 2599 1306 2633 71,
1324 2604 1376 2635 ep.
1394 2597 1479 2634 557.)

643 2648 779 2682 12996.
797 2668 836 2674 -
852 2650 973 2683 Collat.
989 2659 1106 2682 canon.
1125 2658 1162 2680 30
1179 2650 1281 2680 unius
1308 2658 1325 2679 e
1342 2648 1444 2688 praeb.
1462 2647 1609 2687 praefatae
1629 2647 1709 2678 eccl.
1731 2655 1759 2677 s.
1777 2646 1942 2686 Agricolae
1957 2645 2139 2685 Raymundo
2157 2645 2194 2676 de

598 2705 714 2735 Fur-no.
731 2723 769 2727 —
784 2704 810 2735 I.
830 2712 858 2735 e.
875 2712 921 2734 m.
939 2704 977 2734 ut
990 2712 1031 2740 s.‚
1051 2711 1084 2733 n.
1104 2704 1212 2734 12994.
1230 2702 1283 2743 (Α.
1302 2704 1351 2738 15,
1367 2701 1390 2732 f.
1409 2702 1447 2732 72
1461 2700 1489 2736 ¹³3
1514 2700 1549 2731 V.
1566 2702 1617 2737 71,
1637 2708 1688 2739 ep.
1706 2699 1792 2737 558.)

645 2754 780 2786 12997.
805 2773 844 2778 -
869 2756 989 2788 collat.
1006 2764 1124 2786 canon.
1147 2757 1180 2786 et
1203 2754 1430 2795 praecentoriae
1452 2753 1558 2793 ejusd.
1576 2753 1656 2784 eccl.
1675 2760 1702 2782 s.
1725 2751 1890 2790 Agricolae
1908 2750 2025 2781 loanni
2040 2750 2076 2782 de
2088 2751 2196 2782 Petra·

598 2820 715 2852 qrossa.
733 2829 770 2833 —
789 2810 816 2841 I.
833 2818 861 2841 0.
881 2817 925 2840 m.
944 2817 1019 2848 ep.o
1035 2808 1194 2848 Dignen„
1211 2809 1244 2839 et
1259 2815 1364 2847 praep.
1382 2815 1419 2837 ac
1436 2806 1587 2837 sacristae
1605 2804 1684 2836 eccl.
1704 2803 1913 2836 Avenionen.
1929 2804 1983 2844 (A.
2003 2805 2050 2841 15,
2070 2804 2093 2836 f.
2109 2805 2148 2835 72
2162 2804 2196 2842 Β,

605 2864 641 2896 V.
660 2866 710 2901 71,
734 2871 787 2902 ep.
807 2862 893 2902 560.)

647 2913 781 2945 12998.
802 2933 840 2938 --
856 2914 978 2947 Collat.
1000 2923 1118 2946 canon.
1141 2922 1179 2945 ac
1202 2913 1304 2944 unius
1323 2921 1340 2944 e
1364 2912 1467 2952 praeb.
1494 2919 1601 2951 nuper
1623 2910 1658 2941 in
1676 2909 1846 2941 antedicta.
1872 2909 1951 2941 eccl.
1976 2918 2003 2941 s.
2033 2910 2199 2950 Agricolae

601 2958 796 3002 constitutis
820 2967 981 3000 Guillelmo
994 2966 1030 2998 de
1051 2966 1265 3007 Vacayrassio.
1290 2982 1329 2988 —
1354 2965 1379 2996 Ι.
1400 2973 1428 2996 0.
1448 2973 1493 2995 m.
1521 2963 1690 3003 archiep.o
1713 2963 1899 3000 Arelatem,
1920 2966 1952 2994 et
1967 2971 2042 3003 ep.o
2060 2963 2200 3004 Foroju-

602 3023 697 3059 lien„
716 3031 754 3054 ac
769 3021 955 3054 Bertrando
971 3020 1135 3054 Arnaudi,
1150 3028 1222 3051 can.
1239 3018 1437 3051 Sistaricen.
1455 3017 1536 3048 eccl.
1554 3017 1608 3056 (A.
1627 3017 1676 3054 15,
1693 3016 1715 3046 f.
1733 3018 1771 3048 73
1788 3015 1802 3037 ¹³
1812 3025 1823 3053 ς
1847 3015 1880 3048 V.
1900 3018 1950 3054 74,
1967 3024 2019 3056 ep.
2043 3017 2127 3056 563.)
