2566 3562
338 315 399 345 3¹4

367 402 469 430 Datum
491 394 673 429 Avem'one.

318 509 320 513 ⁴
374 504 387 529 Ι
408 500 559 536 (kal.)juc.
581 499 667 527 1321.

452 545 482 572 Τ.
503 544 583 572 XXX.

479 925 516 952 Ut
533 934 556 952 s.

448 970 478 997 T.
495 969 589 998 XXIV.

483 1191 520 1219 Ut
535 1199 559 1219 s.

468 1236 498 1262 T.
520 1236 578 1263 XX.

478 1456 515 1484 Ut
534 1464 559 1484 s.

428 1501 459 1528 T.
480 1500 526 1533 XI,
540 1500 612 1528 XIII.

481 1670 517 1698 Ut
533 1679 556 1697 s.

457 1714 488 1742 T.
508 1714 580 1742 XIII.

480 1882 516 1909 Ut
531 1891 554 1909 s.

427 1926 456 1952 T.
474 1926 520 1959 xl,
536 1926 605 1953 XIII.

476 2092 511 2119 Ut
538 2101 562 2120 s.

466 2136 496 2163 T.
515 2137 570 2163 XL.

475 2198 512 2226 Ut
538 2206 561 2226 s.

466 2242 495 2269 T.
518 2242 574 2269 XX.

480 2409 516 2437 Ut
534 2418 557 2437 s.

392 2454 422 2480 Τ.
440 2454 521 2488 XXX,
541 2455 646 2482 XXXII.

468 2827 497 2853 T.
515 2802 570 2854 xt'.

737 305 912 339 JOANNIS
935 305 1056 336 PAPAE
1077 304 1179 336 xxn.
1203 303 1443 346 (une-1884)
1463 321 1502 327 -
1524 302 1711 334 LITTERAE
1733 302 1959 335 COMMUNES

805 495 816 507 ”
840 493 976 526 13711.
997 511 1035 519 -
1048 495 1229 536 Adjunctio
1245 494 1310 536 φλ
1330 494 1505 526 vintonien.
1517 493 1708 526 executioni
1724 493 1839 526 mand.
1855 493 1897 525 de
1913 492 2090 534 capiendo.
2103 492 2190 526 alias
2203 492 2363 535 arelatem

762 549 962 581 Cantuarien.
977 548 1179 587 commissae,
1199 550 1317 580 contra
1341 547 1481 580 fratrem
1500 547 1667 580 «Ioannem
1684 546 1726 579 de
1744 545 2011 586 Montemartini,
2029 545 2178 588 priorem
2191 545 2364 587 prioratus

762 603 910 641 Lewen„
937 602 1008 634 ord.
1034 601 1244 640 Cluniacen„
1269 601 1455 634 cicestren.
1473 600 1533 639 di„
1556 602 1590 633 et
1607 600 1695 632 alios
1709 600 1770 641 qui
1790 598 1834 632 ad
1857 599 2048 641 prioratum
2061 599 2100 632 B.
2115 598 2162 631 M.
2185 598 2227 632 de
2243 598 2364 632 Prttel·

759 655 870 694 welle,
883 655 990 696 ejusd.
1006 655 1092 693 ord.,
1104 655 1316 687 Londonien.
1329 654 1393 691 di..
1404 654 1575 686 hostiliter
1590 653 1798 692 accedentes,
1813 653 1953 685 fratrem
1966 651 2192 686 Guillelmum
2203 651 2246 684 de
2258 651 2362 685 Aver-

760 709 827 747 nis,
843 708 952 750 ejusd.
965 709 1135 750 prioratus
1151 708 1313 748 priorem,
1330 708 1473 740 missam
1485 707 1520 739 in
1532 715 1653 748 magno
1668 706 1774 739 altari·
1782 705 2023 744 celebrantem,
2035 705 2195 738 atrociter
2205 704 2242 738 in
2253 704 2364 746 capite

760 762 984 794 vulnerarunt
999 763 1032 794 et
1044 761 1171 794 carceri
1187 761 1435 801 manciparunt,
1450 760 1509 792 ubi
1520 762 1658 801 propter
1672 758 1815 791 nimiam
1825 760 2073 792 tormentorum
2084 757 2252 791 saevitiem
2267 757 2365 798 expi-

761 815 848 847 ravit
861 824 871 853 ;
897 815 1008 847 tribus
1032 815 1111 846 aliis
1135 823 1226 847 mon.
1249 814 1421 846 lethaliter
1445 813 1634 846 vulneratis
1656 813 1855 853 caeterisque
1876 811 2016 854 fugatis.
2038 811 2093 853 (A.
2123 812 2172 850 15,
2196 811 2222 844 r.
2244 811 2303 844 251
2329 815 2364 849 ·;

766 868 802 900 V.
822 870 871 906 72,
891 877 943 908 ep.
965 868 1070 907 1114.)

807 918 940 951 13712.
956 938 994 944 -
1007 920 1199 953 Cancellario
1211 920 1284 952 eccl.
1298 920 1451 952 Par-isim.
1468 920 1582 952 mand.
1598 920 1735 958 iterum,
1751 918 1960 951 instantibus
1975 917 2052 950 abb.
2063 919 2098 951 et
2107 926 2203 952 conv.
2217 917 2364 950 monast.

761 974 969 1011 Cluniacen.‚
987 975 1209 1006 Matisconen.
1231 974 1292 1012 dt„
1315 976 1353 1006 ut
1372 974 1496 1006 Joanni
1518 973 1560 1005 de
1585 973 1726 1005 Lixiaco
1748 972 1921 1014 subpriori
1946 972 2121 1012 prioratus
2140 971 2182 1004 de
2202 970 2364 1009 Caritate,

761 1028 844 1059 dicti
861 1028 946 1066 ord„
965 1027 1219 1060 Autisiodoren.
1236 1027 1295 1066 di.,
1313 1027 1373 1068 qui
1387 1026 1515 1059 librum
1531 1026 1777 1059 sententiarum
1789 1026 1873 1067 legit
1885 1034 1933 1057 vu
1947 1025 2048 1058 annis
2063 1023 2263 1057 solemniter
2273 1022 2368 1056 Pari·

763 1081 838 1119 siis,
858 1081 1031 1113 licentiam
1053 1081 1089 1112 in
1114 1080 1303 1121 theologica
1325 1080 1427 1113 facul.
1451 1079 1580 1121 absque
1600 1079 1763 1112 dilatione
1787 1080 1821 1112 et
1839 1078 2015 1111 obstaculo
2035 1078 2212 1120 largiatur.
2237 1077 2292 1117 (Α.
2315 1077 2365 1115 15,

762 1134 785 1165 f.
802 1135 863 1166 306
884 1139 914 1171 ·;
937 1133 970 1165 V.
986 1136 1036 1170 72,
1056 1143 1109 1174 ep.
1128 1134 1231 1174 1212.)

809 1185 944 1217 13713.
962 1205 1000 1211 -
1016 1187 1132 1219 Garsiae
1148 1186 1246 1226 Petri,
1263 1187 1341 1219 abb.
1357 1187 1471 1219 saecul.
1492 1186 1572 1219 eccl.
1589 1186 1796 1223 Fussellen„
1815 1185 1985 1218 Palentin.
1999 1185 2061 1223 di„
2073 1193 2166 1217 conc.
2183 1185 2221 1216 ut
2236 1182 2367 1224 prasti-

762 1241 877 1272 monia
890 1249 1006 1272 curam
1020 1249 1087 1272 non
1101 1240 1271 1278 habentia,
1283 1249 1358 1281 quae
1375 1248 1443 1272 una
1454 1248 1532 1272 cum
1546 1247 1665 1272 canon.
1677 1239 1712 1270 in
1729 1239 1811 1272 eccl.
1824 1238 2050 1271 Salamantin.
2064 1237 2207 1278 obtinet,
2219 1237 2367 1269 retinere

762 1294 884 1332 valeat,
900 1302 967 1326 non
983 1293 1068 1326 obst.
1086 1295 1212 1326 statuto
1228 1293 1336 1334 ejusd.
1352 1293 1574 1327 salamantin.
1589 1293 1670 1325 eccl.
1686 1301 1754 1334 quo
1767 1293 1904 1325 cavetur
1914 1291 2006 1333 quod
2019 1291 2136 1323 nullus
2152 1290 2265 1332 ipsius
2282 1288 2366 1323 eccl.

763 1356 834 1378 can.
850 1347 1083 1387 praestimonia
1098 1347 1250 1379 valorem
1265 1347 1305 1378 80
1321 1346 1612 1379 marabotinorum
1629 1346 1725 1378 bonae
1739 1346 1883 1379 monetae
1898 1344 2097 1378 excedentia
2111 1343 2292 1376 habiturus
2308 1342 2366 1376 sit.

762 1401 815 1441 (A.
835 1403 884 1437 15,
900 1401 921 1432 f.
941 1401 999 1432 385
1016 1406 1049 1437 ι;
1073 1400 1107 1432 V.
1126 1402 1176 1439 72,
1192 1409 1244 1441 ep.
1264 1401 1368 1441 1222.)

810 1451 943 1483 13711.
968 1471 1008 1477 -
1034 1453 1156 1486 Collat.
1179 1462 1296 1486 canon.
1327 1453 1391 1485 sub
1417 1462 1512 1494 exsp.
1539 1452 1643 1494 praeb.
1666 1452 1747 1485 eccl.
1769 1461 1798 1485 s.
1822 1451 1957 1484 Mathaei
1975 1452 2018 1484 de
2045 1451 2156 1485 Sousa
2177 1449 2366 1484 viterbien.

762 1507 877 1539 Joanni
899 1507 1039 1539 Moram.
1059 1525 1097 1530 —
1113 1507 1140 1538 Ι.
1159 1516 1188 1539 e.
1209 1516 1254 1539 m.
1273 1507 1380 1548 priori
1398 1507 1512 1539 saecul.
1533 1515 1560 1538 S.
1580 1506 1743 1547 Stephani
1758 1505 1960 1544 viterbien„
1978 1506 2012 1538 et
2027 1504 2172 1546 archipr.
2189 1504 2232 1536 ‹ie
2253 1503 2368 1537 Rocha

763 1560 943 1596 Sinibaldi,
961 1561 1094 1592 Reatin.
1113 1560 1172 1598 di.,
1191 1570 1230 1592 ac
1252 1569 1338 1600 mag.
1353 1561 1454 1592 Petro
1470 1559 1561 1596 Albi,
1577 1569 1650 1592 can.
1668 1560 1848 1592 carnoten.
1866 1559 1948 1592 eccl.
1967 1558 2023 1599 (Α.
2038 1560 2088 1597 15,
2101 1558 2125 1590 t'.
2140 1559 2201 1590 310
2210 1557 2242 1595 ¹’;
2265 1556 2302 1589 V.
2315 1558 2367 1594 72,

763 1623 816 1654 ep.
835 1615 938 1653 1235.)

808 1665 941 1697 13715.
959 1684 999 1690 -
1014 1667 1137 1698 Rectori
1149 1667 1358 1698 Romandiolae
1375 1667 1488 1699 mand.
1503 1669 1540 1699 ut
1555 1667 1658 1700 faciat
1669 1667 1811 1707 justitiae
1825 1666 2112 1706 complementum
2129 1665 2171 1697 de
2193 1664 2368 1705 occupato·

761 1721 858 1752 ribus
872 1722 974 1753 castri
991 1721 1254 1758 Montisveteris,
1270 1721 1534 1762 Foropopulien.
1552 1721 1613 1759 di.,
1633 1722 1666 1753 et
1683 1721 1830 1752 aliorum
1848 1719 2016 1752 bonorum
2031 1720 2134 1760 atque
2147 1718 2279 1760 jurium
2294 1725 2369 1759 quae

762 1775 900 1806 fuerunt
919 1775 1127 1806 haereditatis
1142 1775 1266 1815 quond.
1285 1774 1584 1806 Traversariorum
1602 1775 1643 1806 de
1661 1773 1899 1811 Romandiola,
1914 1773 1958 1805 ad
1972 1772 2164 1806 Gnidonem
2178 1772 2312 1804 Savinae
2326 1771 2368 1803 de

762 1828 914 1866 Foliano‚
933 1829 1005 1859 mil.
1021 1829 1155 1868 Regin„
1174 1828 1326 1868 legitime
1343 1828 1598 1868 pertinent-ium.
1617 1828 1671 1869 (A.
1690 1829 1740 1866 15,
1760 1827 1784 1859 f.
1799 1828 1860 1860 «128
1874 1832 1904 1865 ·;
1928 1826 1960 1858 V.
1980 1828 2031 1865 72,
2048 1834 2102 1867 ep.
2121 1825 2227 1865 1273.)

808 1879 942 1911 13716.
968 1900 1007 1905 -
1028 1882 1147 1914 Collat.
1173 1890 1291 1913 canon.
1316 1881 1380 1914 sub
1402 1890 1499 1922 exsp.
1517 1881 1620 1921 praeb.
1639 1881 1719 1913 eccl.
1744 1890 1772 1913 s.
1799 1880 1922 1922 Angeli
1946 1879 2135 1912 viterbien.
2157 1878 2284 1916 Gemino
2298 1877 2368 1920 filio

761 1944 842 1975 may.
858 1934 982 1965 Nic-olai
997 1934 1033 1965 de
1055 1934 1180 1966 Vetulis.
1197 1952 1236 1957 —
1252 1935 1278 1966 Ι.
1294 1943 1323 1966 e.
1342 1944 1386 1967 m.
1404 1934 1580 1966 saecularis
1592 1934 1673 1966 eccl.
1688 1943 1715 1965 s.
1733 1934 1867 1967 Nicolai
1880 1934 1921 1966 de
1936 1933 2108 1974 Sipizano,
2123 1932 2366 1974 Balneoregen.

761 1988 821 2026 di„
838 1989 871 2019 et
887 1997 915 2019 s.
931 1988 1064 2020 Mathaei
1083 1988 1123 2019 de
1139 1988 1248 2019 Sousa
1271 1987 1458 2020 viterbien.
1478 1987 1663 2027 prioribus,
1685 1996 1722 2019 ac
1737 1987 1890 2019 Consilio
1909 1987 1951 2019 de
1966 1986 2134 2025 Viterbio,
2151 1994 2224 2018 can.
2242 1985 2367 2018 consa-

762 2050 838 2072 nen.
855 2042 907 2080 (A.
923 2043 972 2077 15,
991 2041 1012 2072 f.
1029 2043 1088 2073 316
1099 2047 1127 2077 ⁸3
1154 2041 1185 2071 V.
1201 2043 1251 2078 72,
1269 2050 1320 2080 ep.
1341 2042 1445 2080 1282.)

809 2092 942 2123 13717.
961 2112 998 2116 -
1010 2094 1193 2125 Ambianen.
1210 2100 1237 2124 et
1256 2094 1424 2125 Tornacen.
1437 2093 1557 2130 decani,
1574 2103 1611 2124 ac
1620 2092 1739 2124 archid.
1754 2092 1951 2124 cameracen.
1965 2092 2039 2125 eccl.
2055 2093 2179 2125 dantur
2189 2094 2227 2125 ut
2235 2092 2368 2134 jndices

762 2149 1018 2179 conservatores
1036 2147 1160 2179 decano
1176 2149 1209 2179 et
1225 2147 1326 2188 capit.
1343 2147 1423 2179 eccl.
1443 2147 1639 2179 Atrebaten.
1656 2147 1711 2188 (A.
1731 2149 1780 2184 15,
1798 2147 1821 2178 f.
1838 2148 1899 2179 ⁴29
1912 2146 1944 2184 ¹³3
1966 2146 2000 2178 V.
2020 2148 2070 2183 72,
2088 2155 2141 2187 ep.
2161 2147 2265 2185 1305.)

809 2197 944 2230 13718.
969 2217 1008 2223 -—
1027 2200 1114 2241 Epa
1140 2199 1265 2231 Valven.
1290 2201 1476 2232 remittitur
1495 2200 1705 2232 Andr-eutius
1725 2201 1766 2232 de
1786 2200 1907 2238 Ufena‚
1925 2200 2036 2232 laicus
2052 2200 2163 2241 ipsius
2185 2199 2245 2238 di„
2267 2199 2365 2232 abso·

761 2253 855 2284 lutus
880 2253 921 2284 ab
944 2262 1074 2285 excom.
1092 2254 1261 2285 sententia
1280 2262 1340 2294 per
1360 2262 1439 2285 eum
1456 2254 1593 2285 incursa
1612 2262 1655 2285 ex
1674 2262 1713 2286 eo
1731 2254 1822 2294 quod.
1845 2253 1920 2285 abb.
1947 2262 1976 2285 s.
2000 2253 2136 2286 Nicolai
2155 2254 2192 2285 in
2210 2253 2367 2292 Trutiuo,

762 2307 800 2338 O.
820 2307 854 2338 S.
872 2308 923 2344 Β.,
940 2307 1098 2347 Aprutin.
1124 2307 1183 2344 di„
1201 2307 1382 2344 interfecit,
1401 2308 1438 2338 ut
1454 2307 1529 2347 ipse
1547 2315 1646 2347 ep.us
1665 2307 1900 2347 poenitentiam
1915 2307 1982 2339 eid.
2007 2307 2095 2339 laico
2113 2307 2300 2348 injunctam
2318 2306 2368 2339 fa-

761 2360 827 2391 ciat
842 2360 1033 2400 adimpleri.
1054 2360 1107 2399 (A.
1128 2362 1176 2398 15,
1194 2360 1215 2391 f.
1230 2362 1291 2392 409
1307 2360 1336 2398 ὓς
1359 2360 1394 2392 V.
1412 2361 1464 2398 72,
1480 2369 1533 2401 ep.
1551 2360 1655 2400 1408.)

807 2410 942 2442 13719.
959 2432 997 2436 —
1013 2413 1172 2445 Guillelmo
1185 2424 1254 2454 ep.o
1269 2413 1431 2449 sabinen..
1445 2414 1483 2444 A.
1496 2413 1532 2444 S.
1550 2413 1660 2455 legato,
1675 2414 1788 2445 mand..
1804 2415 1842 2446 ut
1856 2415 1991 2446 revocet
2004 2422 2131 2446 excom.
2146 2414 2180 2445 et
2194 2413 2368 2445 interdicti

761 2467 948 2498 sententias
963 2467 1050 2499 latas
1068 2466 1109 2498 ab
1123 2475 1199 2507 ep.o
1216 2468 1362 2508 Burgen.
1388 2469 1505 2499 contra
1528 2467 1670 2499 clericos
1688 2467 2084 2508 archipresbyteratuum
2099 2467 2140 2499 de
2157 2466 2258 2498 Frias
2274 2468 2309 2499 et
2324 2466 2366 2499 de

760 2519 938 2551 Tolvalino
956 2520 1110 2560 aliosque
1125 2529 1291 2561 pauperes
1309 2521 1502 2552 sacerdotes
1518 2522 1551 2552 et
1569 2521 1710 2553 clericos
1728 2521 1875 2560 Burgen.
1891 2520 1953 2558 di„
1970 2529 2057 2561 quos
2072 2520 2118 2552 id.
2139 2528 2238 2560 ep.us
2252 2519 2296 2551 ad
2315 2521 2368 2552 ta-

760 2573 827 2604 lem
841 2574 1075 2613 paupertatem
1090 2574 1272 2605 reduxerat
1287 2574 1378 2614 quod
1392 2574 1434 2605 ad
1448 2582 1547 2614 agros
1564 2574 1695 2606 alienos
1711 2574 1872 2606 colendos
1885 2581 2024 2614 operam
2036 2581 2136 2605 suam
2150 2573 2262 2605 locare
2279 2581 2369 2605 com·

760 2626 984 2666 pellebantur.
999 2646 1037 2650 —
1054 2627 1214 2667 Sequitur
1231 2627 1419 2659 hortatoria
1435 2627 1502 2660 eid.
1518 2637 1595 2668 ep.o
1607 2627 1736 2659 directa
1748 2628 1819 2659 uta
1836 2626 2010 2667 praedictis
2025 2635 2062 2658 se
2079 2626 2249 2658 abstineat
2255 2635 2266 2664 ;
2284 2625 2368 2659 alio·

760 2680 843 2720 quin
859 2680 1123 2720 appellationem
1138 2681 1290 2712 eorumd.
1307 2681 1387 2712 cler.
1406 2681 1449 2712 ad
1459 2681 1500 2721 β.
1519 2681 1561 2712 A.
1578 2681 1815 2720 interpositam
1840 2680 1900 2712 iid.
1917 2680 1997 2712 cler.
2013 2679 2176 2720 prosequi
2192 2679 2365 2716 valebunt,

760 2733 917 2773 quamvis
931 2734 1067 2773 tempus
1083 2733 1323 2774 appellationis
1333 2734 1404 2774 jam
1420 2742 1560 2766 evasum
1578 2734 1690 2765 fuerit.
1710 2734 1763 2773 (Α.
1781 2735 1831 2771 15,
1847 2733 1872 2765 f.
1887 2734 1947 2765 378
1961 2738 1992 2771 ⁸3
2010 2733 2051 2765 V.
2069 2734 2120 2771 72,
2137 2741 2190 2773 ep.
2210 2733 2313 2772 1425.)

807 2783 940 2815 13720.
958 2804 996 2810 -
1011 2786 1047 2818 S.
1067 2786 1155 2818 Petri
1174 2787 1327 2823 Perusia„
1346 2791 1375 2818 et
1390 2797 1415 2818 s.
1436 2786 1545 2818 Crucz‘s
1566 2787 1603 2818 de
1623 2787 1761 2828 Tripizo,
1782 2786 1975 2818 Camerinen.
1992 2785 2049 2824 di„
2066 2790 2096 2817 et
2107 2796 2132 2817 s.
2153 2785 2276 2824 Savini,
2296 2785 2367 2816 Fir-

760 2850 842 2870 man.
861 2839 917 2877 di„
934 2845 1063 2872 monast.
1078 2840 1147 2870 abb.
1164 2840 1287 2872 dantur
1303 2842 1340 2872 ut
1352 2840 1484 2881 judices
1499 2842 1756 2872 conservatores
1773 2840 1878 2880 priori
1891 2841 1925 2872 et
1939 2848 2035 2872 conv.
2052 2839 2182 2871 heremi
2201 2848 2229 2871 s.
2247 2839 2367 2871 Crucis

760 2893 879 2924 Fontis
895 2893 1080 2931 Avellanae,
1097 2893 1140 2925 ad
1152 2894 1193 2926 R.
1207 2894 1246 2925 E.
1262 2894 1356 2926 nullo
1372 2894 1484 2926 medio
1498 2894 1634 2934 pertin„
1652 2894 1691 2926 Ο.
1709 2894 1743 2926 S.
1761 2893 1812 2931 Β.,
1831 2893 2001 2934 Eugubin.
2017 2893 2064 2924 di.
2081 2893 2134 2934 (A.
2151 2894 2200 2930 15,
2220 2892 2242 2924 f.
2259 2894 2319 2925 537
2335 2891 2365 2928 '³3

769 2945 800 2976 V.
818 2948 868 2981 72,
884 2955 935 2986 ep.
953 2947 1060 2987 1538.)
