2566 3562
0 1572 10 1622 f,

0 1668 9 1811 ἓ

290 1572 317 1599 Χ
319 1572 334 1599 Ι
345 1575 416 1607 sept.
434 1571 514 1600 4320

306 1618 488 1651 pontificatus

295 1662 413 1690 Joannis
429 1662 508 1690 XXII

325 1714 402 1734 anno
422 1708 471 1736 V⁰.

242 2739 348 2767 Datum
366 2735 552 2770 Avenione.

237 2787 256 2815 5
271 2789 364 2825 (non.)
378 2793 450 2825 sept.
467 2789 558 2818 1320.

272 2841 310 2869 14
328 2845 356 2870 et
375 2842 413 2870 13
428 2847 521 2879 sept.3

332 2887 369 2916 18
388 2891 440 2916 oct.
454 2895 464 2922 ;

209 2929 239 2963 ὅ,
257 2932 292 2960 Η
309 2934 337 2960 et
352 2932 394 2960 22
405 2936 478 2969 sept.
495 2932 584 2979 17320.

459 337 715 369 APPENDICES
738 337 794 368 AD
816 337 1002 374 QUINTUM
1027 338 1224 370 BULLARII
1245 339 1419 371 JOANNIS
1442 340 1533 371 XXII
1557 341 1714 373 ANNUM.
1733 360 1770 365 —
1786 345 2022 382 (1316-1334)
2202 346 2258 376 371

755 766 1217 821 APPENDICES
1263 768 1359 821 AD
1407 767 1748 832 QUINTUM
1798 771 2142 826 BULLARII

1044 901 1357 956 JOANNIS
1403 903 1555 956 XXII
1601 903 1863 958 ANNUM

1428 1208 1460 1259 Ι

736 1320 969 1353 Instrumenta
990 1318 1207 1352 miscellanea
1230 1320 1395 1353 Vaticana
1414 1330 1489 1364 qzcae
1505 1322 1541 1353 in
1560 1320 1702 1365 capsula
1723 1321 1806 1354 anni
1823 1320 1916 1356 1390
1928 1328 2028 1366 parte
2038 1322 2158 1367 prima

1329 1391 1561 1436 reperiuntur.

687 1567 824 1601 14330.
843 1589 881 1593 —
898 1570 1076 1610 Depositio
1098 1570 1165 1601 alia
1183 1570 1272 1608 (vide
1289 1579 1404 1610 supra.
1422 1579 1455 1601 n.
1480 1570 1589 1610 12263)
1611 1570 1851 1602 Bartholomaei
1867 1571 2057 1609 Canholati‚
2082 1572 2162 1603 cler.
2180 1573 2250 1604 Me-

639 1624 825 1661 diolaneu.,
837 1623 896 1664 qui
908 1633 925 1655 e
939 1623 1033 1655 curia
1045 1624 1233 1656 recedendo
1249 1625 1368 1664 captus
1382 1624 1446 1655 fuit
1460 1625 1492 1656 et
1508 1624 1543 1655 in
1558 1633 1690 1655 carcere
1707 1625 1877 1660 detentus,
1889 1624 1948 1655 ubi
1964 1626 2134 1656 tormenta
2148 1626 2249 1657 susti-

641 1679 727 1714 nuit,
749 1678 869 1709 nolens
892 1678 1043 1709 revelare
1062 1686 1137 1717 quae
1160 1677 1196 1708 in
1213 1677 1309 1709 curia
1332 1679 1441 1718 apost.
1461 1678 1639 1714 retulerat;
1660 1678 1797 1709 tandem
1814 1677 1991 1715 liberatuS,
2017 1687 2035 1709 a
2054 1679 2159 1710 Galea
2178 1679 2248 1710 filio

639 1731 776 1764 Mathaei
790 1731 1011 1764 Vicecomitis
1029 1731 1212 1762 Placentiae
1228 1732 1368 1763 vocatus
1386 1731 1449 1762 fuit
1465 1733 1498 1762 et
1515 1733 1652 1772 rogatus
1670 1733 1706 1762 ut
1723 1732 1757 1762 in
1771 1732 1905 1772 negotio
1922 1732 2044 1763 mortis
2060 1733 2160 1772 Papae
2173 1741 2248 1772 pro-

641 1786 784 1823 cederet,
799 1794 860 1825 pro
877 1794 943 1825 quo
959 1785 1062 1816 etiam
1082 1785 1227 1816 Dantem
1248 1785 1450 1825 Aleguirum
1465 1787 1643 1817 vocaverat
1659 1786 1770 1816 dictus
1785 1786 1920 1817 Galeas.
1939 1786 2016 1825 Ipse
2036 1787 2149 1817 autem
2166 1787 2249 1818 Bar-

639 1839 841 1871 tholomaeus
857 1838 988 1879 fingens
1007 1847 1042 1869 se
1058 1839 1093 1869 in
1110 1838 1269 1870 omnibus
1285 1838 1422 1870 obedire
1439 1847 1515 1870 esse
1532 1841 1701 1879 paratum,
1719 1839 1842 1871 dictam
1858 1839 2054 1879 imaginem,
2067 1842 2247 1879 postquam

639 1892 769 1930 habuit,
791 1901 808 1923 e
827 1892 1003 1924 Placentia
1018 1901 1126 1932 usque
1150 1892 1192 1923 ad
1212 1892 1417 1923 Avinionem
1434 1893 1593 1932 portavit,
1614 1893 1792 1932 ipsamque
1817 1893 2003 1924 Bertrando
2027 1902 2054 1924 s.
2082 1893 2245 1931 Marcelli,

639 1945 766 1986 presb,
787 1946 938 1978 Arnaldo
963 1955 990 1976 s.
1011 1946 1199 1982 Eustachii,
1219 1946 1305 1977 diac.
1325 1946 1430 1983 card.‚
1451 1946 1565 1982 Petro,
1583 1947 1617 1978 S.
1638 1947 1679 1978 R.
1697 1947 1725 1977 E
1743 1946 2033 1984 vicecancellario,
2053 1948 2086 1978 et
2101 1947 2247 1978 Geraldo

639 2000 680 2031 de
706 2000 803 2038 Lan,
829 2000 975 2038 notario,
997 2000 1149 2031 tradidit.
1172 2000 1306 2040 (Minuta
1331 1999 1493 2030 chartacea
1519 1999 1620 2030 decem
1638 1999 1725 2040 foliis
1747 2000 1835 2031 modo
1859 2000 2002 2041 quaterni
2024 1999 2150 2031 insimul
2171 2001 2248 2031 sutis

639 2058 798 2091 constan-13
816 2063 848 2085 n.
868 2054 929 2093 2⁸.)

1401 2368 1481 2419 ΙΙ

692 2491 922 2523 Instrumenta
945 2490 1164 2524 miscellanea
1196 2491 1359 2524 Vaticana
1381 2502 1456 2535 quae
1479 2491 1518 2524 in
1539 2491 1678 2536 capsula
1704 2491 1788 2524 anni
1815 2490 1907 2527 1390
1921 2498 2029 2537 parte
2049 2491 2198 2525 secunda

1326 2557 1556 2603 reperiuntur.

686 2733 821 2766 14331.
841 2753 879 2758 —
899 2735 1029 2768 Littera
1053 2735 1196 2767 Joannis
1221 2735 1323 2776 Papae
1349 2735 1450 2767 XXII
1467 2735 1508 2766 de
1530 2744 1648 2767 securo
1666 2736 1833 2766 conductu
1855 2744 1917 2775 pro
1934 2736 2065 2776 Angelo
2082 2736 2122 2767 de
2141 2735 2245 2773 Urbe,

639 2798 777 2822 cursore
796 2798 870 2827 suo,
886 2797 947 2830 pro
963 2789 1168 2829 quibusdam
1183 2789 1222 2820 E.
1238 2789 1279 2820 R.
1297 2789 1442 2829 negotiis
1461 2789 1642 2820 destinato.
1661 2788 1759 2829 (Oriq.
1782 2798 1870 2829 per-9.
1881 2799 1890 2826 ς
1907 2788 1944 2819 de
1964 2798 2027 2819 cur.
2037 2798 2045 2825 ;
2061 2798 2093 2819 n.
2112 2789 2157 2828 6.)

685 2840 818 2872 14332.
850 2860 889 2865 —
913 2842 980 2874 Sex
1000 2842 1099 2874 instr.
1123 2842 1163 2873 de
1189 2842 1420 2873 solutionibus
1445 2851 1464 2873 a
1490 2841 1677 2873 camerario
1702 2843 1734 2873 et
1761 2842 1910 2873 thesaur.
1941 2841 2042 2881 Papae
2062 2841 2160 2873 factis
2178 2850 2244 2889 ⁴pro

639 2896 801 2937 expensis
824 2895 989 2936 coquinae,
1011 2904 1098 2935 pane
1115 2896 1148 2927 et
1170 2895 1242 2926 sale
1257 2904 1318 2935 pro
1338 2895 1486 2935 hospitio
1503 2895 1616 2935 Papae,
1634 2903 1763 2926 necnon
1780 2903 1840 2935 pro
1859 2894 2019 2935 operibus
2037 2887 2244 2934 capellarum

638 2950 945 2982 construendarum
970 2949 1006 2980 in
1031 2948 1201 2988 capitibus
1225 2948 1446 2980 ecclesiarum
1471 2949 1698 2980 conventuum
1723 2948 1996 2988 praedicatorum,
2018 2948 2190 2980 minorum
2212 2950 2244 2980 et

637 3003 676 3035 B.
701 3003 745 3035 M.
765 3003 805 3035 de
830 3002 1095 3034 Montecarmelo
1119 3002 1264 3033 fratrum
1288 3002 1377 3039 ord-3
1397 3011 1458 3042 pro
1482 3001 1609 3033 fabrica
1625 3001 1851 3033 claustrorum
1879 3001 1914 3032 in
1936 3002 2079 3033 circuitu
2097 3003 2242 3032 monast.

637 3057 838 3089 monialium
854 3065 882 3088 s.
893 3055 1068 3088 Laurentii
1075 3065 1085 3094 3
1100 3064 1160 3096 pro
1176 3055 1337 3096 operibus
1351 3055 1502 3096 coquinae
1516 3057 1549 3087 et
1562 3055 1753 3087 dormitorii
1767 3057 1913 3086 monast.
1927 3063 2083 3087 sororum
2097 3064 2124 3086 s.
2135 3055 2243 3087 Clarae
