2566 3562
228 438 333 466 Datum
349 433 536 468 Avenione.

215 538 233 567 7
249 539 344 576 (non.)
360 543 444 568 mart.
461 540 550 568 1321.

282 584 313 611 T.
337 584 396 617 XII,
415 584 485 612 XIV.

343 805 379 832 L't
395 813 419 832 s.

290 849 319 876 T.
339 849 386 883 XI,
401 849 473 877 XIII.

338 1016 375 1044 Ut
394 1025 418 1044 s.

319 1061 349 1087 T.
368 1061 437 1088 XVI.

252 1165 284 1194 T.
298 1121 505 1200 XXIIIIJ-XXVI.

337 1334 373 1363 Ut
390 1343 413 1362 s.

270 1382 317 1410 Gr.
336 1390 388 1417 pro
403 1383 482 1411 card.

337 1818 373 1846 Ut
391 1827 414 1846 s.

285 1863 316 1890 T.
333 1863 380 1897 XI,
399 1864 472 1891 XIII.

190 2031 209 2060 8
222 2033 289 2067 (vm
304 2030 356 2064 id.)
371 2036 453 2060 mart.
469 2031 557 2061 1321.

189 2296 275 2331 9(v11
295 2296 348 2331 id.)
365 2300 448 2325 mart.
470 2297 557 2326 1321.

334 2564 370 2592 Ut
386 2572 410 2592 s,

282 2608 313 2635 T.
329 2608 375 2642 XI,
388 2607 460 2636 XIII.

192 2829 228 2856 ιο
241 2828 284 2864 (v1
301 2829 354 2862 id.)
367 2833 450 2857 mart.
470 2829 556 2858 1321.

311 2873 342 2901 T.
361 2874 429 2901 XVI.

598 347 772 381 JOANNIS
795 349 914 380 PAPAE
935 350 1037 381 XXII.
1062 353 1309 391 (1316-1334).
1331 370 1370 376 —-
1393 353 1578 383 LITTERAE
1602 352 1826 384 COMMUNES
2162 355 2222 386 255

669 538 803 571 13071.
821 560 859 564 —
874 541 956 583 May.
976 542 1107 574 Ger-aldo
1120 543 1157 574 de
1169 543 1342 584 Anylat·iis‚
1360 553 1431 575 can.
1445 544 1631 584 Urgellen„
1646 545 1679 576 S.
1697 545 1737 576 A.
1752 545 1786 575 in
1801 545 1976 585 provincia
1987 545 2221 577 Romandiolae

623 594 656 624 et
682 594 844 630 comItatu
869 595 1076 627 Brettenorii
1093 596 1317 635 thesaurario,
1337 597 1500 636 indulget.
1516 598 1553 628 ut
1569 597 1700 628 fructus
1718 598 1869 629 omnium
1886 597 1996 629 benef.
2016 607 2156 629 suorum
2172 599 2219 629 in-

622 647 714 687 tegre
736 647 902 688 percipiat
917 649 1080 688 quamdiu
1097 650 1236 681 servitio
1251 650 1348 681 dictae
1371 650 1465 680 sedis
1485 650 1660 681 institerit.
1680 667 1718 672 --
1735 651 1761 681 I.
1778 659 1807 682 e.
1827 659 1872 681 m.
1890 659 1965 691 ep.o
1981 651 2167 691 Urgellen.,
2187 652 2221 683 et

621 708 724 740 praep.
744 700 786 731 de
802 700 1062 740 Canesuspenso
1083 702 1341 740 Carcassonen.,
1359 703 1604 740 acRaimundo
1622 702 1777 739 Ebrardi,
1802 712 1873 734 can.
1894 703 2115 735 Colimbrien.
2137 704 2217 736 eccl.

624 753 675 790 (A.
694 753 741 789 14,
762 753 785 784 f.
804 755 862 785 190
877 753 906 791 b;
930 753 963 784 V.
985 756 1036 791 71,
1053 763 1105 794 ep.
1122 755 1209 794 439.)

668 803 802 836 13072.
821 823 859 828 —-
875 807 995 838 Collat.
1014 816 1131 839 canon.
1149 808 1213 839 sub
1230 817 1326 848 exsp.
1343 807 1445 848 praeb.
1462 808 1542 839 eccl.
1558 808 1759 840 Noviomen.
1778 819 1858 849 may.
1876 809 1991 840 Joanm'
2005 809 2120 845 Baiuti,
2130 810 2221 850 prio-

621 859 731 889 ratum
747 859 788 890 de
806 859 940 891 Dovero
956 861 989 891 et
1005 860 1188 900 quamdam
1206 861 1368 891 vicariam
1382 861 1417 891 in
1435 861 1515 891 eccl.
1536 869 1564 892 s.
1578 861 1673 891 Iterii
1690 861 1730 892 de
1746 861 1832 897 Aiis,
1850 862 2033 893 Bituricen.
2057 863 2116 900 di.,
2134 863 2219 894 obti-

619 911 724 942 nenti.
741 928 776 934 —-
790 911 816 943 1.
833 920 862 943 e.
879 921 924 943 m.
938 921 966 943 s.
979 913 1140 944 Germani
1155 913 1195 944 de
1207 913 1426 953 Pratisjuxta
1442 913 1595 944 Parisius
1611 915 1644 944 et
1659 922 1687 945 s,
1699 914 1879 950 Genovefae
1891 914 2059 946 Parisien.
2073 917 2216 947 monast.

619 963 708 1000 abb.,
725 972 763 995 ac
779 964 907 996 archid.
923 965 1090 997 Parisien.
1109 966 1160 998 (A.
1185 967 1234 1001 14,
1251 966 1274 997 f.
1291 968 1349 998 281
1366 965 1396 1002 ¹³,
1419 966 1454 997 V.
1473 969 1523 1000 71,
1543 975 1595 1006 ep.
1610 967 1694 1004 448.)

666 1014 800 1046 13073.
820 1034 857 1040 -
883 1018 1009 1050 Indult.
1039 1018 1281 1050 reconciliandi
1309 1028 1369 1059 per
1392 1019 1498 1050 alium
1524 1020 1565 1050 ad
1587 1019 1773 1050 triennium
1796 1019 1870 1051 loca
1885 1020 2072 1051 ecclesiast.
2092 1021 2219 1053 violata

619 1068 776 1101 Fulcaudo
788 1079 858 1111 ep.o
871 1070 1048 1102 Noviomen.
1067 1071 1120 1112 (A.
1142 1074 1189 1110 14,
1209 1072 1231 1102 f.
1248 1073 1309 1103 282
1324 1078 1352 1109 ³3
1374 1072 1410 1104 V.
1430 1074 1479 1110 71,
1500 1081 1553 1112 ep.
1574 1074 1659 1111 449.)

665 1119 800 1153 13074.
820 1121 859 1147 '—
875 1124 952 1155 Eid.
971 1125 1133 1165 indulget.
1153 1126 1190 1156 ut
1210 1134 1268 1156 sex
1284 1134 1356 1165 cap.
1376 1125 1430 1157 vel
1455 1126 1548 1161 cler.‚
1568 1126 1679 1165 ipsius
1703 1126 1809 1156 famil.
1830 1127 1862 1157 et
1878 1126 2069 1163 domestici,
2087 1126 2217 1158 fructus

618 1176 771 1208 omnium
785 1176 896 1208 benef.
917 1186 1056 1209 suorum
1076 1177 1204 1218 absque
1222 1178 1408 1210 residentia
1424 1187 1532 1218 usque
1550 1179 1591 1209 ad
1609 1179 1794 1210 triennium
1819 1179 1947 1219 integre
1966 1179 2140 1219 percipere
2162 1188 2219 1211 va-

617 1228 710 1261 leant
727 1229 856 1270 absque
873 1230 1069 1262 residentia.
1088 1250 1126 1255 —
1146 1232 1172 1263 Ι.
1193 1241 1223 1263 e.
1244 1241 1290 1263 m.
1309 1232 1479 1271 archiep.o
1497 1232 1695 1268 Bituricen.,
1715 1234 1748 1264 et
1767 1231 1843 1263 abb.
1863 1235 2009 1264 monast.
2029 1241 2058 1263 s.
2081 1233 2218 1273 Sulpitii

617 1282 817 1322 Bituricam,
832 1292 870 1315 ac
886 1283 1014 1315 archid.
1033 1284 1202 1316 Parisien.
1217 1285 1270 1324 (A.
1296 1286 1344 1323 14,
1360 1285 1383 1315 f.
1403 1286 1464 1317 282
1477 1290 1507 1321 ξι;
1530 1285 1566 1316 V.
1585 1287 1635 1321 71,
1651 1294 1703 1326 ep.
1721 1285 1809 1326 450.)

664 1333 800 1366 13075.
824 1354 862 1359 --
878 1337 1058 1369 Decretum
1081 1346 1142 1377 per
1156 1339 1247 1378 quod
1264 1338 1399 1370 collatio
1415 1338 1496 1370 eccl.
1517 1347 1543 1370 s.
1564 1338 1696 1370 Nicolai
1713 1338 1753 1370 de
1771 1338 1908 1379 Lupico,
1932 1339 2137 1379 Aquinaten.
2156 1339 2216 1377 di.,

617 1397 678 1428 per
693 1390 940 1429 promotionem
960 1390 1095 1422 Mathaei
1113 1391 1155 1422 ad
1173 1391 1344 1423 abbatiam
1366 1393 1510 1423 monast.
1528 1401 1556 1423 s.
1576 1392 1744 1423 Theodori
1762 1392 1930 1429 Gaietan.‚
1953 1392 1991 1424 O.
2009 1392 2042 1423 S.
2061 1393 2112 1430 Β.,
2137 1394 2217 1424 tunc

618 1442 707 1482 apud
719 1443 752 1475 S.
769 1443 809 1474 A.
826 1452 912 1480 vac,
929 1452 989 1483 per
1003 1444 1130 1484 Papam
1147 1444 1235 1475 facta
1252 1445 1366 1476 favore
1378 1445 1508 1476 Joannis
1523 1455 1548 1475 s.
1565 1445 1716 1476 Theodori
1730 1445 1810 1477 diac.
1826 1445 1926 1482 card„
1942 1445 2082 1485 plenum
2099 1446 2216 1477 sortiri

617 1495 716 1527 debet
733 1497 900 1534 effectum,
913 1506 979 1528 non
995 1497 1081 1528 obst.
1099 1497 1326 1537 appellatione
1338 1498 1539 1538 interposita
1553 1500 1586 1530 et
1602 1499 1691 1530 infra
1706 1500 1841 1539 tempus
1857 1498 2046 1539 legitimum
2060 1507 2126 1530 non
2142 1508 2217 1539 pro-

616 1550 731 1580 secuta
749 1558 809 1590 per
836 1559 930 1581 conv.
951 1551 1095 1582 monast.
1116 1542 1293 1582 Cassine'n.
1314 1552 1357 1582 ad
1383 1552 1424 1583 R.
1453 1552 1490 1583 Ε.
1518 1552 1613 1583 nullo
1638 1552 1751 1583 medio
1775 1552 1911 1591 pertin.,
1940 1552 1980 1584 O.
2002 1552 2036 1583 S.
2057 1552 2109 1590 Β.,
2132 1553 2213 1584 tunc

616 1601 736 1634 abbate
758 1603 916 1641 carentis,
939 1604 980 1635 ad
996 1604 1091 1643 cujus
1113 1603 1269 1636 abbatem
1286 1605 1376 1636 dicta
1393 1605 1528 1636 collatio
1545 1605 1728 1644 spectabat,
1742 1606 1774 1637 et
1789 1605 1830 1636 ad
1845 1605 2027 1636 monachos
2044 1606 2118 1644 ipsa
2133 1606 2213 1636 eccl.

615 1664 658 1686 ex
678 1656 896 1688 concessione
920 1657 1087 1688 Bonifacii
1108 1657 1172 1688 ΡΡ.
1194 1658 1274 1689 VIII
1291 1657 1493 1698 pertinebat.
1511 1676 1549 1681 —-
1566 1659 1593 1690 I.
1612 1667 1641 1690 e.
1661 1667 1706 1690 m.
1723 1667 1799 1698 ep.o
1815 1658 2036 1698 Aquinaten.,
2051 1660 2083 1690 et
2101 1667 2210 1699 magg.

615 1709 806 1748 Napoleoni
829 1710 868 1741 de
885 1710 966 1741 filiis
983 1709 1075 1748 Ur'si,
1094 1711 1134 1742 de
1151 1711 1328 1750 Campinia
1339 1711 1515 1749 Leodien.,
1527 1712 1593 1743 ΡΡ.
1607 1713 1688 1747 not.,
1705 1720 1742 1743 ac
1756 1711 1950 1749 Benedicto,
1965 1711 2115 1751 Capuan.
2130 1712 2210 1744 eccl.

617 1762 789 1794 archid.is.
807 1763 859 1803 (A.
875 1765 922 1801 14,
944 1763 968 1794 f.
986 1765 1086 1801 285⁸;
1116 1763 1152 1795 V.
1168 1766 1219 1801 71,
1238 1773 1289 1804 ep.
1307 1766 1392 1803 464.)

661 1813 795 1845 13076.
815 1834 851 1839 -
866 1816 988 1848 Collat.
1002 1825 1119 1848 canon.
1132 1817 1195 1848 sub
1209 1826 1305 1856 exsp.
1321 1817 1424 1857 praeb.
1437 1818 1517 1849 eccl.
1532 1818 1716 1849 Cicestren.
1733 1817 1881 1848 Riccardo
1892 1817 1929 1848 de
1941 1817 2068 1857 Sesord,
2083 1818 2213 1849 consid.

618 1869 768 1900 Eduardi
785 1869 875 1910 regis
892 1869 1038 1910 Angliae3
1064 1879 1132 1901 non
1149 1870 1235 1902 obst.
1255 1871 1334 1902 eccl.
1354 1871 1394 1902 de
1412 1871 1565 1903 Chinton.
1585 1880 1612 1902 c.
1634 1880 1675 1908 c.,
1696 1871 1861 1903 Exonien.
1880 1871 1940 1909 di.,
1956 1872 2008 1910 (36
2028 1871 2086 1902 lib.
2105 1871 2213 1911 sterl.)

614 1939 653 1944 —
667 1923 694 1954 I.
712 1931 741 1954 e.
761 1931 805 1954 m.
826 1931 901 1962 ep.o
918 1923 1127 1960 Vintonien„
1144 1925 1176 1955 et
1192 1932 1295 1964 praep.
1314 1924 1395 1955 eccl.
1414 1925 1560 1959 Vellem,
1580 1933 1618 1956 ac
1636 1925 1765 1956 Boxolo
1784 1925 1824 1956 de
1842 1925 1976 1962 Parma,
1994 1933 2068 1955 can.
2087 1925 2212 1956 Torna-

615 1984 699 2011 cen.,
716 1976 782 2007 ΡΡ.
797 1984 869 2016 cap.
889 1976 943 2016 (A.
962 1977 1011 2011 14,
1028 1976 1053 2008 f.
1073 1977 1132 2008 305
1150 1976 1179 2013 ¹³3
1204 1977 1239 2008 V.
1262 1979 1312 2014 71,
1329 1986 1383 2017 ep.
1397 1978 1482 2016 529.)

662 2026 794 2058 13077.
811 2047 848 2052 -
867 2028 1025 2060 Potentin.
1046 2033 1075 2060 et
1088 2029 1227 2061 Andren.
1243 2030 1307 2071 ep.i
1325 2040 1362 2060 ac
1378 2030 1445 2060 abb.
1467 2035 1596 2061 monast.
1613 2041 1637 2062 s.
1664 2030 1789 2071 Sopkiae
1811 2030 2019 2061 Beneventum.
2039 2030 2162 2062 dantur
2178 2032 2214 2061 ut

609 2082 743 2122 Judices
759 2084 1016 2114 conservatores
1032 2083 1140 2122 priori
1155 2085 1188 2114 et
1204 2092 1300 2115 conv.
1318 2085 1463 2114 monast.
1491 2084 1524 2115 S.
1551 2084 1596 2115 M.
1616 2084 1721 2116 Novae
1737 2084 1777 2115 de
1796 2083 2035 2124 Montepiloso,
2050 2084 2089 2115 O.
2108 2084 2141 2115 S.
2160 2084 2212 2122 Β.,

614 2144 674 2175 per
690 2135 839 2175 priorem
855 2135 949 2167 soliti
971 2136 1064 2176 gub„
1082 2145 1187 2176 prope
1203 2137 1294 2168 civit.
1314 2137 1480 2173 Gravinae,
1505 2137 1648 2176 subjecti
1671 2137 1867 2168 immediate
1883 2138 2028 2168 monast.
2048 2137 2211 2175 Casaedei,

613 2189 655 2220 ad
670 2189 711 2220 R.
730 2189 768 2220 E.
788 2189 883 2220 nullo
901 2189 1013 2221 medio
1032 2189 1169 2230 pertin.,
1194 2190 1302 2230 ejusd.
1325 2190 1409 2227 ord.‚
1439 2190 1690 2222 Claromonten.
1714 2190 1759 2221 di.
1784 2190 1835 2229 (A.
1863 2191 1912 2227 15,
1934 2190 1957 2221 f.
1986 2190 2024 2220 78
2036 2189 2063 2227 b,-
2101 2189 2133 2221 V.
2162 2191 2211 2225 71,

613 2249 666 2282 ep.
685 2242 772 2281 602.)

659 2292 794 2324 13078.
815 2311 854 2317 -
868 2295 991 2327 Collat.
1007 2295 1179 2335 prioratus
1195 2296 1235 2327 de
1254 2296 1421 2328 Turrione
1435 2297 1470 2327 in
1486 2297 1607 2336 Bergo,
1628 2297 1669 2327 ad
1684 2297 1828 2328 monast.
1846 2296 2041 2333 Crudaten„
2061 2297 2100 2328 Ο.
2113 2296 2212 2335 S.‚B.‚

612 2347 786 2380 Vivarien.
803 2348 863 2383 di.,
880 2348 1016 2388 pertin.,
1034 2349 1086 2387 (20
1107 2349 1130 2379 1.
1153 2350 1204 2388 t.),
1223 2351 1255 2380 et
1280 2358 1340 2389 per
1361 2350 1627 2389 acceptationem
1645 2359 1664 2380 a
1679 2350 1781 2381 Petro
1799 2349 1941 2381 Giraudi
1959 2349 2082 2380 factam
2099 2349 2139 2380 de
2156 2349 2209 2380 off.

613 2401 807 2432 camerariae
821 2401 929 2441 eJusd.
949 2403 1096 2433 monast.
1113 2402 1181 2442 ipsi
1195 2411 1254 2442 per
1271 2403 1399 2442 Papam
1414 2403 1536 2433 collato
1553 2411 1637 2439 vac.,
1658 2402 1771 2433 Pontio
1787 2401 1945 2439 Falconis,
1962 2402 2043 2433 dicti
2064 2403 2209 2433 monast.

613 2462 703 2485 mon.
723 2472 762 2477 —-
787 2454 814 2485 I.
842 2462 871 2486 e.
896 2462 941 2485 m.
966 2454 1092 2486 decano
1109 2455 1298 2491 Valentia,
1312 2457 1344 2487 et
1360 2455 1498 2492 archid„
1515 2464 1552 2486 ac
1570 2464 1657 2495 mag.
1675 2455 1820 2487 Martino
1837 2455 1877 2486 de
1891 2454 2119 2492 Callenconio,
2137 2463 2208 2486 can.

613 2507 787 2539 Vivarien.
804 2507 884 2539 eccl.
903 2507 954 2547 (A.
975 2509 1024 2546 15,
1040 2507 1064 2538 f.
1079 2509 1139 2540 403
1154 2513 1185 2545 ²²3
1204 2509 1244 2540 V.
1258 2510 1308 2545 72,
1329 2517 1382 2548 ep.
1401 2509 1507 2546 1353.)

659 2557 795 2590 13079.
813 2578 852 2583 -
877 2559 1044 2591 Ademario
1065 2560 1146 2592 Jorii
1175 2561 1262 2592 conf.
1287 2562 1421 2601 paroch.
1450 2561 1530 2592 eccl.
1557 2561 1598 2592 de
1616 2561 1724 2598 Μαι-ο,
1753 2561 1942 2593 Ruthenen.
1960 2561 2019 2598 di.,
2035 2560 2078 2591 ad
2096 2560 2208 2592 collat.

613 2622 715 2653 praep.
744 2614 777 2645 et
804 2622 900 2645 conv.
929 2615 1075 2645 monast.
1098 2614 1342 2652 Montissalini,
1367 2615 1405 2647 Ο.
1423 2615 1456 2646 S.
1475 2615 1529 2651 A„
1549 2623 1577 2645 s.
1593 2614 1687 2645 Flori
1703 2614 1763 2651 di.,
1788 2614 1926 2654 pertin.,
1945 2623 2018 2654 quae
2034 2613 2211 2644 consuevit

613 2666 719 2706 ejusd.
738 2667 882 2698 monast.
900 2675 971 2698 can.
990 2666 1170 2707 assignari,
1195 2669 1227 2699 et
1243 2676 1331 2698 nunc
1348 2676 1408 2707 per
1426 2667 1507 2699 obit.
1523 2661 1696 2698 Ademarii
1714 2667 1754 2698 de
1771 2667 1936 2698 Raissaco
1953 2668 2058 2698 vacat.
2077 2683 2114 2688 —
2130 2666 2158 2697 I.
2178 2674 2207 2697 e.

613 2729 657 2751 m.
685 2728 760 2760 ep.o
776 2728 803 2751 S.
828 2719 933 2757 Flori,
951 2721 984 2751 et
1001 2720 1128 2760 Begoni
1145 2721 1185 2752 de
1203 2721 1414 2752 Pennavaira
1431 2729 1468 2752 ac
1484 2719 1668 2751 Aldeberto
1691 2719 1730 2750 de
1746 2719 1940 2758 Petraferti,
1958 2728 2030 2751 can.
2048 2719 2128 2750 eccl.
2144 2719 2211 2751 Ru-

612 2773 746 2805 thenen.
764 2772 817 2812 (A.
836 2774 884 2810 15,
900 2772 922 2804 f.
939 2774 998 2804 448
1015 2772 1044 2809 ῦς
1072 2772 1103 2804 V.
1126 2775 1174 2808 72,
1193 2782 1244 2813 ep.
1262 2774 1366 2812 1487.)

659 2823 793 2856 13080.
809 2824 978 2856 -Αηιεῖίο
997 2825 1073 2857 abb.
1091 2827 1236 2858 monast.
1254 2835 1283 2857 s.
1303 2826 1477 2857 Saturnini
1491 2826 1650 2858 Tolosan.
1667 2825 1709 2856 ad
1726 2826 1767 2857 R.
1781 2826 1819 2857 E.
1833 2825 1926 2857 nullo
1942 2825 2054 2857 medio
2071 2825 2210 2865 pertin.,

613 2880 651 2912 O.
669 2879 702 2911 S.
719 2880 775 2915 A.,
792 2887 883 2911 conc.
897 2878 996 2910 facul.
1008 2878 1194 2918 recipiendi
1208 2887 1332 2910 munus
1346 2879 1594 2910 benedictionis
1608 2887 1627 2910 a
1642 2886 1853 2918 quocumque
1868 2878 2026 2910 maluerit
2039 2878 2209 2919 archiep.o

614 2933 668 2964 vel
684 2940 772 2972 ep.o,
801 2940 878 2963 cum
905 2931 1055 2963 ecclesiae
1078 2933 1239 2964 Romanae
1261 2932 1295 2962 in
1320 2932 1534 2963 Anconitana
1552 2931 1713 2968 Mart-hia,
1738 2932 1772 2962 in
1792 2931 1890 2972 cujus
1912 2931 2086 2971 provincia
2101 2933 2211 2963 rector

613 2986 745 3022 existit,
763 2985 879 3017 arduis
892 2984 1088 3024 implicatus
1105 2985 1261 3025 negotiis,
1277 2985 1318 3016 ad
1329 2985 1362 3016 S.
1379 2985 1418 3016 A.
1437 2993 1472 3016 se
1486 2985 1638 3016 conferre
1652 2985 1826 3016 commode
1842 2993 1909 3016 non
1923 2985 2047 3022 valeat;
2065 2986 2208 3017 monast.
