2566 3562
290 319 352 350 350

323 411 424 438 Datum
454 404 638 439 Avenione.

361 511 403 539 20
422 514 492 546 sept.
513 509 600 538 1320.

368 555 424 591 (x11
443 555 501 583 kal.
519 554 591 591 oet.)

437 670 474 699 Ut
494 679 518 699 s.

438 885 474 913 Ut
493 893 518 913 s.

439 1100 475 1128 Ut
496 1108 520 1127 s.

358 1420 400 1448 22
414 1424 485 1456 sept.
503 1421 592 1450 1320.

377 1466 408 1500 (x
425 1466 485 1494 kal.
506 1466 577 1499 oct.)

437 1691 474 1718 Ut
495 1699 518 1719 s.

437 1906 474 1934 Ut
494 1914 517 1934 s.

358 2119 399 2147 24
413 2123 482 2156 sept.
502 2120 589 2148 1320.

358 2167 426 2199 (vm
440 2165 500 2192 kal.
520 2167 590 2200 oct.)

357 2335 397 2362 27
412 2337 482 2371 sept.
499 2334 588 2364 1320.

378 2383 407 2416 (v
423 2380 483 2408 kal.
500 2380 571 2414 oct.)

434 2550 471 2578 Ut
491 2558 515 2578 s.

435 2764 469 2792 Ut
488 2773 513 2792 s.

430 2871 467 2899 L't
482 2879 507 2899 s.

835 0 1021 15 avar-sm·1··=-2:=-r.
1025 0 1057 7 ’Ψ
1067 0 1093 14 ὀἵ
1099 0 1116 9 v
1124 0 1272 21 ῑῆΐ-Ρὲ-κν-ῈἮ
1280 0 1390 20 *With-P·

706 315 881 348 JOANNIS
898 316 1017 348 PAPAE
1038 317 1144 350 XXII.
1169 319 1418 359 (1316-1834).
1441 336 1481 342 —
1502 318 1689 351 LITTERAE
1712 318 1764 351 DE
1785 319 1912 352 CURIA

765 512 898 546 14098.
918 533 956 538 -
970 515 1053 557 May.
1068 516 1162 547 Petro
1180 515 1321 548 Dav-andi
1340 526 1409 548 can.
1427 515 1642 552 Ebredunen..
1664 515 1730 547 ΡΡ.
1748 525 1829 557 cap..
1843 516 1884 548 Α.
1902 515 1939 549 S,
1958 517 2079 556 nuntio,
2099 517 2327 551 committitur

718 569 809 610 quod
824 570 935 610 exigat
950 571 984 602 et
1001 570 1144 610 recipiat
1159 578 1283 602 census
1298 570 1337 602 E.
1356 571 1398 603 R.
1416 569 1550 602 debitos
1573 570 1606 601 in
1622 569 1818 607 Treveren.,
1834 569 2021 611 Maguntin.
2037 572 2071 603 et
2087 571 2264 604 Colonien.
2281 572 2327 604 ci-

717 622 793 659 vit„
808 623 853 655 di.
870 624 903 655 et
917 623 1117 664 provinciis·
1132 622 1184 664 (V.
1197 624 1234 655 71
1239 646 1249 662 ,
1265 632 1318 664 ep.
1331 625 1349 655 7
1363 622 1400 654 de
1415 633 1481 654 cur.
1495 632 1504 661 ;
1517 623 1665 660 Riezler,
1684 621 1905 655 Vatikanisclie
1917 623 2030 662 Aleten,
2043 633 2096 666 op.
2109 624 2178 664 cit„
2193 633 2226 657 n.
2240 625 2329 666 208.)

764 673 899 706 14099.
916 694 954 700 -
972 676 1086 708 Eidem
1104 676 1217 709 mand.
1236 677 1327 718 quod
1342 676 1494 717 inquirat
1511 684 1614 717 super
1629 676 1796 717 depositis
1812 675 1911 709 factis
1924 676 1960 709 in
1975 677 2174 716 Treveren.,
2186 677 2325 720 Magan-

717 729 778 761 tin.
796 731 829 762 et
844 730 1019 762 Colonien.
1033 730 1138 765 civit,
1154 729 1203 762 di.
1219 739 1257 762 ac
1271 729 1459 771 provinciis
1472 730 1514 762 de
1529 729 1662 761 decima
1679 729 1820 762 collecta
1833 730 1868 762 in
1882 729 2078 763 subsidium
2090 731 2190 763 terrae
2203 731 2328 765 sanctae

717 784 750 815 et
765 783 856 823 quod
871 792 946 815 eam
962 783 1028 815 sibi
1041 783 1143 815 faciat
1155 783 1194 815 Ε.
1214 784 1255 816 R.
1273 783 1410 816 nomine
1423 783 1604 824 assignari.
1617 783 1672 823 (V.
1689 784 1739 821 71,
1758 791 1811 823 ep.
1827 784 1859 820 8,
1873 782 2006 822 ‹iecur-‚3
2023 783 2172 823 Riezler,
2188 794 2241 826 op.
2258 785 2326 825 cit„

717 845 750 868 n.
768 838 854 876 209.)

763 887 899 920 14100.
927 908 965 914 -—
984 890 1098 922 Eidem
1122 890 1235 922 mand.
1259 890 1350 931 quod
1376 899 1396 922 a
1415 889 1722 922 subcollectoribus
1741 889 1915 922 fructuum
1932 890 2036 931 primi
2053 890 2133 923 anni
2149 890 2186 924 in
2209 900 2326 933 supra·

717 943 818 975 dictis
842 944 1029 984 provinciis
1044 944 1238 976 vacantium
1262 943 1406 984 recipiat
1422 945 1579 976 exactam
1604 943 1773 975 rationem
1788 945 1822 975 et
1844 944 1935 984 quod
1952 943 2097 985 accipiat
2114 943 2157 976 ab
2174 944 2227 976 eis
2241 944 2328 977 illud

717 997 807 1037 quod
822 999 995 1037 receptum
1018 999 1069 1029 est
1087 999 1120 1029 et
1138 997 1289 1038 inquirat
1307 998 1472 1038 quantum
1491 997 1531 1029 de
1551 996 1704 1038 quolibet
1723 996 1835 1029 benef.
1861 999 2072 1038 receperunt.
2092 997 2146 1039 (V.
2166 999 2218 1036 71,
2235 1006 2288 1039 ep.
2306 999 2328 1032 9

717 1050 754 1081 de
769 1059 854 1086 cur.;
871 1050 1019 1087 mezler,
1035 1061 1085 1092 op.
1103 1051 1170 1089 cit,
1186 1059 1219 1082 n.
1238 1051 1323 1090 210.)

763 1101 898 1139 14101.
918 1121 958 1127 --
975 1104 1089 1135 Eidem
1103 1104 1216 1136 mand.
1234 1104 1400 1144 ut¹exigat
1417 1103 1548 1135 fructus
1562 1103 1668 1135 trium
1685 1112 1852 1135 annorum
1868 1112 1930 1144 pro
1945 1104 2210 1136 necessitatibus
2226 1104 2267 1136 E.
2281 1105 2325 1138 R.

717 1158 956 1198 deputatorum
971 1157 1074 1197 primi
1091 1157 1171 1188 anni
1189 1156 1301 1189 benef.
1318 1157 1512 1188 vacantium
1530 1156 1565 1188 in
1585 1157 1783 1192 Treveren„
1798 1157 1987 1197 Maguntin.
2006 1159 2040 1190 et
2056 1157 2233 1190 Colonien.
2247 1166 2324 1199 pro·

716 1210 840 1242 vinciis
856 1219 875 1242 a
887 1219 977 1251 pers.
992 1211 1031 1243 Ο.
1049 1210 1107 1243 SS.
1123 1211 1161 1243 Β.
1176 1211 1209 1242 et
1221 1211 1276 1247 A„
1290 1210 1604 1246 Praemonstraten.,
1621 1210 1656 1242 S.
1671 1209 1717 1241 M.
1733 1209 2022 1242 'theutonicorum
2033 1212 2066 1243 et
2076 1211 2224 1244 aliorum
2238 1211 2345 1250 ord,

717 1266 751 1295 in
768 1264 868 1295 dictis
884 1263 1070 1304 provinciis
1086 1263 1367 1301 consistentibus,
1389 1263 1448 1304 qui
1465 1263 1680 1303 praetendunt
1697 1262 1808 1295 benef.
1826 1272 1899 1304 quae
1917 1273 1936 1296 a
1951 1263 2189 1304 superioribus
2205 1272 2326 1297 eorum

717 1317 881 1355 obtinent,
901 1326 968 1348 non
986 1317 1097 1348 benef.
1115 1317 1176 1348 sed
1191 1317 1368 1357 simplices
1391 1316 1603 1348 obedientias
1622 1325 1710 1354 csse,
1728 1318 1762 1349 et
1783 1316 1860 1349 ideo
1876 1317 1911 1348 in
1928 1317 2147 1358 deputatione
2164 1317 2328 1359 praedicta

717 1379 784 1403 non
802 1371 942 1402 includi.
958 1370 1010 1411 (A.
1027 1371 1076 1408 14,
1095 1370 1118 1401 f.
1139 1372 1198 1402 386
1216 1375 1245 1407 ⁸3
1266 1370 1304 1402 V.
1322 1372 1374 1408 71,
1389 1378 1442 1410 ep.
1463 1371 1501 1402 13
1513 1369 1550 1401 de
1566 1379 1652 1407 cur.;
1666 1369 1814 1408 Riezler,
1828 1379 1880 1412 op.
1894 1371 1962 1408 cit„
1979 1379 2012 1402 n.
2029 1370 2115 1411 211.)

764 1421 897 1454 14102.
917 1443 956 1447 -
973 1424 1087 1456 Mand.
1112 1423 1295 1455 Cachanien.
1314 1428 1344 1455 et
1359 1423 1496 1455 Saonen.
1516 1424 1596 1465 epis
1611 1425 1648 1456 ut
1664 1423 1742 1456 abb.
1763 1425 1911 1456 monast.
1929 1432 1958 1456 s.
1980 1424 2160 1457 Michaelis
2178 1425 2220 1458 de
2237 1425 2326 1458 orti-

716 1479 808 1510 caria
823 1486 927 1518 prope
942 1477 1041 1509 Pisas
1058 1477 1264 1518 compellant
1275 1477 1326 1518 jad
1341 1477 1440 1518 ipsis,
1459 1477 1596 1509 nomine
1619 1478 1658 1508 Ea
1677 1477 1734 1516 R„
1751 1477 1998 1518 assignandum
2015 1486 2123 1510 unum
2142 1478 2327 1511 flasconem

716 1532 756 1563 de
768 1531 951 1569 alabastro,
967 1531 1149 1572 quamdam
1161 1540 1283 1572 cupam
1295 1531 1336 1563 de
1350 1530 1504 1562 cristallo
1518 1530 1673 1569 fractam,
1690 1531 1723 1563 et
1737 1532 1776 1562 27
1791 1531 1899 1563 libras
1915 1531 2041 1572 pisan„
2058 1540 2135 1572 quae
2148 1532 2238 1564 unde
2249 1539 2328 1565 cum

716 1586 784 1617 alio
801 1585 961 1617 thesauro
977 1586 1017 1617 E.
1034 1585 1075 1617 R.
1094 1585 1135 1617 de
1158 1585 1317 1616 sacristia
1332 1585 1413 1617 eccl.
1431 1593 1460 1616 s.
1479 1584 1634 1617 Fridiani
1650 1584 1777 1616 Lucan.
1800 1585 1983 1617 subtractae
1999 1593 2060 1626 per
2075 1585 2275 1618 violentiam
2292 1586 2327 1619 et

715 1639 781 1671 eid.
800 1639 876 1671 abb.
897 1639 1078 1679 assignatae
1093 1638 1241 1670 fuerunt.
1256 1638 1312 1680 (A.
1334 1640 1384 1676 14,
1401 1638 1424 1670 f.
1442 1640 1502 1671 394
1519 1643 1548 1676 8;
1568 1638 1606 1670 V.
1623 1640 1674 1676 71,
1692 1647 1745 1679 ep.
1764 1639 1804 1670 28
1818 1638 1855 1670 de
1870 1637 1951 1679 cur.)

761 1690 897 1722 14103.
921 1711 960 1716 -
981 1693 1076 1723 Petro
1101 1692 1138 1734 de
1159 1691 1337 1730 Jinulhaco,
1363 1702 1431 1724 can.
1453 1692 1621 1730 Nicosien„
1646 1692 1759 1723 mand.
1786 1693 1822 1724 ut
1839 1692 2022 1724 denunciet
2037 1701 2168 1724 excom.
2189 1693 2223 1725 et
2239 1684 2340 1726 alias,

714 1755 842 1787 poenas,
861 1746 1008 1778 mulctas
1027 1747 1061 1778 et
1076 1746 1264 1778 sententias
1280 1746 1467 1778 incurrisse
1490 1745 1674 1777 nonnullos
1693 1745 1734 1777 de
1750 1754 1853 1786 regno
1871 1745 1978 1786 Cypri
1993 1745 2053 1786 qui
2070 1745 2113 1778 ad
2125 1747 2236 1778 terras
2251 1745 2325 1779 Sol·

715 1801 794 1832 dani
822 1800 1010 1832 Babiloniae
1029 1801 1061 1832 et
1086 1800 1173 1831 alias
1199 1800 1464 1831 sarracenorum
1489 1800 1605 1839 partes
1631 1807 1762 1831 merces
1785 1799 1991 1831 detulerunt.
2011 1799 2065 1839 (A.
2093 1800 2142 1838 14,
2169 1799 2193 1830 f.
2215 1800 2278 1832 426
2295 1804 2326 1838 ⁸;

720 1854 756 1886 V.
773 1856 822 1891 71,
841 1862 894 1894 ep.
914 1855 971 1886 107
990 1853 1026 1884 de
1043 1854 1124 1894 cur.)

762 1904 894 1937 14104.
915 1924 951 1930 --
968 1907 1063 1938 Leoni
1078 1907 1144 1948 reqi
1164 1907 1320 1938 Armeniae
1334 1906 1496 1938 scribitur
1513 1908 1550 1938 ut
1564 1908 1674 1938 terras
1689 1914 1750 1946 per
1765 1906 1877 1946 ipsius
1893 1905 2129 1947 progenitores
2144 1913 2327 1939 concessas

714 1970 803 2001 mag.
820 1963 851 1993 et
867 1960 1032 1992 fratribus
1045 1960 1225 2001 hospitalis
1240 1969 1267 1991 s.
1281 1960 1302 1992 J
1305 1960 1426 1992 oannis
1439 1957 1712 1991 Jero'solimitani
1727 1959 1869 1995 Mox-isio
1885 1959 1926 1991 de
1939 1958 2110 1995 Ponacho,
2127 1959 2226 1991 fratri
2237 1959 2327 1999 ejus—

715 2015 792 2046 dem
808 2014 997 2054 hospitalis,
1015 2014 1185 2051 restituat,
1203 2013 1386 2045 dummodo
1404 2021 1465 2053 pro
1481 2021 1598 2044 earum
1610 2014 1643 2044 et
1656 2012 1752 2053 regni
1767 2012 1912 2044 tuitione
1927 2012 2078 2044 residere
2088 2012 2171 2044 velit
2186 2012 2222 2044 in
2236 2012 2326 2053 eisd,

714 2069 815 2107 prout
832 2068 862 2099 ei
883 2076 943 2107 per
959 2067 1046 2099 alias
1061 2067 1127 2099 litt.
1144 2067 1282 2098 mandat
1297 2067 1400 2107 Papa.
1421 2066 1474 2105 (A.
1494 2067 1544 2103 14,
1560 2065 1583 2096 f.
1600 2066 1662 2097 426
1674 2065 1704 2103 ¹²3
1726 2065 1759 2096 V.
1777 2068 1827 2103 71,
1847 2074 1900 2106 ep.
1918 2066 1977 2098 108
1990 2064 2027 2096 de
2039 2066 2121 2104 cur.)
2308 2055 2321 2061 ⁵

761 2118 895 2150 14105.
911 2140 948 2144 -
964 2119 1165 2162 Raymbaudo
1181 2119 1301 2150 archid.
1320 2118 1482 2151 Avalom'ae
1499 2119 1530 2150 in
1544 2118 1618 2150 eccl.
1631 2119 1774 2150 AEduen.
1791 2119 1986 2150 conceditur
2001 2119 2168 2151 salarium
2181 2119 2325 2160 triginta

715 2175 904 2206 solidorum
922 2176 1079 2205 turonen.
1099 2182 1283 2214 parvorum
1301 2182 1363 2213 pro
1381 2173 1447 2204 die.
1465 2173 1560 2204 Idem
1578 2173 1775 2204 conceditur
1787 2172 1930 2213 Symoni
1947 2171 2024 2204 abb.
2043 2174 2190 2205 monast.
2209 2181 2238 2204 s.
2254 2173 2325 2205 An-

715 2229 803 2260 dreae
819 2228 986 2260 Viennen.
1000 2228 1058 2268 qui
1079 2236 1155 2258 cum
1173 2227 1262 2259 dicto
1279 2226 1506 2267 Raymbaudo
1522 2226 1588 2257 fuit
1603 2226 1733 2258 missus
1747 2235 1807 2266 per
1823 2226 1950 2266 Papam
1967 2226 2010 2258 ad
2025 2226 2140 2266 partes
2154 2226 2325 2260 Viennen.
2373 2253 2378 2256 .
2412 2274 2425 2281 ε

714 2283 747 2314 et
762 2282 943 2313 comitatus
963 2280 1140 2313 Sabaudiae
1157 2282 1190 2312 et
1202 2280 1403 2313 Gebennen.-
1417 2279 1467 2320 (V.
1485 2282 1536 2318 71,
1549 2288 1602 2319 ep.
1619 2281 1657 2311 10
1669 2279 1706 2310 de
1724 2282 1804 2319 cur.)

762 2332 895 2364 14106.
917 2352 955 2357 —
973 2335 1056 2375 May.
1080 2334 1242 2365 Bernardo
1265 2333 1300 2365 de
1319 2326 1567 2371 Montevalr·ano‚
1586 2332 1705 2365 archid.
1724 2331 1890 2364 Siculoniae
1906 2333 1938 2363 in
1957 2333 2030 2365 eccl.
2049 2333 2236 2372 Bituricen„
2257 2331 2324 2364 ΡΡ.

714 2399 798 2430 cap„
817 2389 858 2419 A.
873 2388 910 2419 S.
932 2389 1040 2419 nuntio
1059 2388 1101 2419 ad
1110 2392 1218 2429 par-tes
1244 2387 1359 2419 Daciae.
1383 2387 1616 2419 Committitur
1632 2388 1668 2419 ut
1683 2394 1823 2418 censum
1843 2395 1905 2418 seu
1922 2386 2099 2418 denarium
2123 2395 2151 2418 s.
2169 2387 2263 2419 Petri
2285 2387 2323 2419 in

713 2451 816 2484 regno
839 2443 915 2483 ipso
936 2442 1073 2482 colligat
1089 2443 1122 2474 et
1146 2442 1344 2482 computum
1367 2441 1511 2481 recipiat
1533 2440 1670 2472 nomine
1691 2441 1855 2472 Romanae
1870 2439 2043 2472 Ecclesiae.
2066 2440 2122 2482 (V.
2139 2442 2191 2478 71,
2206 2449 2259 2481 ep.
2283 2441 2320 2472 11

713 2497 750 2528 de
768 2497 847 2537 cur.)

758 2547 893 2580 14107.
907 2567 947 2573 -
966 2550 1129 2591 Archiep.o
1146 2549 1360 2580 Tarantasien.
1378 2548 1491 2580 mand.
1508 2549 1545 2580 ut
1558 2547 1695 2579 residua
1707 2547 1880 2579 fructuum
1895 2546 2007 2579 benef.
2025 2556 2098 2579 vac.
2111 2547 2215 2588 primi
2229 2547 2323 2586 anni,

711 2613 785 2645 quce
802 2606 881 2636 sunt
896 2603 1071 2641 solvenda,
1090 2603 1204 2643 exigat
1222 2604 1253 2635 et
1270 2602 1409 2643 colligat
1424 2603 1459 2632 E.
1479 2602 1521 2634 R.
1540 2601 1677 2633 nomine
1693 2602 1726 2633 et
1746 2601 1836 2642 quod
1852 2600 2009 2632 absolvat
2028 2600 2107 2632 illos
2123 2601 2182 2641 qui
2199 2601 2235 2632 in
2255 2602 2325 2633 sta-

708 2658 794 2690 tutis
811 2658 970 2690 terminis
989 2666 1056 2689 non
1078 2657 1264 2688 solvissent
1272 2665 1283 2694 ς
1304 2665 1406 2696 super
1423 2656 1485 2687 hoc
1509 2655 1672 2687 scribitur
1691 2654 1859 2692 Bisantin„
1883 2654 2097 2692 Ebredunen„
2125 2653 2325 2686 Viennen.*et

708 2711 889 2753 Luqdunem
908 2711 1086 2752 archiepis.
1102 2710 1156 2752 (A.
1174 2711 1223 2748 14,
1243 2710 1267 2742 f.
1284 2711 1343 2742 386
1359 2715 1388 2747 ¹¹3
1411 2709 1447 2741 V.
1464 2711 1515 2747 71,
1531 2717 1584 2749 ep.
1602 2710 1639 2740 12
1656 2707 1693 2739 de
1707 2708 1789 2748 cur.)

755 2762 892 2795 14108.
908 2784 946 2789 -
963 2764 1134 2805 Arclziep.o
1155 2764 1303 2796 Viennen.
1318 2763 1431 2795 mand.
1448 2772 1509 2805 pro
1528 2762 1703 2794 exactione
1718 2761 1887 2794 dictorum
1905 2761 2077 2793 fructuum
2093 2760 2130 2793 in
2143 2760 2321 2801 provincia

708 2819 875 2852 Viennen.
890 2827 951 2859 pro
967 2827 1007 2850 ea
1019 2819 1115 2858 parte
1129 2827 1203 2858 quae
1220 2818 1261 2849 de
1276 2826 1380 2858 regno
1395 2817 1548 2849 Franciae
1567 2825 1635 2847 non
1651 2815 1779 2848 existit.
1795 2814 1951 2855 (Ibidem.)

755 2869 892 2903 14109.
913 2890 951 2895 -
966 2872 1020 2904 Ad
1036 2871 1186 2903 futuram
1203 2871 1254 2903 rei
1272 2870 1474 2903 memoriam
1489 2870 1653 2902 statuitur
1669 2869 1761 2910 quod
1783 2869 1900 2900 nullus
1916 2867 2081 2909 impedi-at
2098 2867 2268 2900 arc-hides
2285 2868 2320 2900 et

708 2926 793 2957 alios
808 2925 920 2958 benef.
939 2925 1132 2958 obtinentes
1155 2925 1192 2956 in
1208 2925 1288 2957 eccl.
1309 2933 1370 2965 per
1388 2923 1585 2965 pontificem
1601 2931 1708 2963 nuper
1726 2922 1850 2954 divisis
1865 2923 1898 2954 et
1915 2921 1952 2953 in
1967 2921 2179 2954 cathedrales
2197 2921 2321 2953 erectis

709 2980 892 3020 quominus
907 2979 1123 3011 visitationes
1139 2979 1327 3016 exerceant,
1343 2977 1602 3018 procurationes
1619 2976 1786 3017 recipiant
1800 2977 1833 3008 et
1848 2975 1928 3007 aliis
1943 2977 2083 3008 utantur
2095 2974 2232 3016 juribus
2248 2974 2321 3015 qui-
