<?xml version="1.0" encoding="UTF-8"?>
<!DOCTYPE html PUBLIC "-//W3C//DTD XHTML 1.0 Transitional//EN"
    "http://www.w3.org/TR/xhtml1/DTD/xhtml1-transitional.dtd">
<html xmlns="http://www.w3.org/1999/xhtml" xml:lang="en" lang="en">
 <head>
  <title>
</title>
<meta http-equiv="Content-Type" content="text/html;charset=utf-8" />
  <meta name='ocr-system' content='tesseract 3.04.00' />
  <meta name='ocr-capabilities' content='ocr_page ocr_carea ocr_par ocr_line ocrx_word'/>
</head>
<body>
  <div class='ocr_page' id='page_1' title='image "./lettrescommunes03romeuoft_0205.png"; bbox 0 0 2566 3562; ppageno 0'>
   <div class='ocr_carea' id='block_1_1' title="bbox 0 0 185 3562">
    <p class='ocr_par' dir='ltr' id='par_1_1' title="bbox 0 0 185 3562">
     <span class='ocr_line' id='line_1_1' title="bbox 0 0 185 3562; baseline 0 0"><span class='ocrx_word' id='word_1_1' title='bbox 0 0 185 3562; x_wconf 95' lang='lat' dir='ltr'> </span> 
     </span>
    </p>
   </div>
   <div class='ocr_carea' id='block_1_2' title="bbox 199 394 511 429">
    <p class='ocr_par' dir='ltr' id='par_1_2' title="bbox 199 394 511 429">
     <span class='ocr_line' id='line_1_2' title="bbox 199 394 511 429; baseline -0.003 -1"><span class='ocrx_word' id='word_1_2' title='bbox 199 401 300 428; x_wconf 75' lang='lat' dir='ltr'>Datum</span> <span class='ocrx_word' id='word_1_3' title='bbox 329 394 511 429; x_wconf 74' lang='lat' dir='ltr'>Avenione.</span> 
     </span>
    </p>
   </div>
   <div class='ocr_carea' id='block_1_3' title="bbox 185 501 530 539">
    <p class='ocr_par' dir='ltr' id='par_1_3' title="bbox 185 501 530 539">
     <span class='ocr_line' id='line_1_3' title="bbox 185 501 530 539; baseline -0.009 -7"><span class='ocrx_word' id='word_1_4' title='bbox 185 503 223 532; x_wconf 72' lang='lat'>¹2</span> <span class='ocrx_word' id='word_1_5' title='bbox 236 503 280 539; x_wconf 75' lang='lat' dir='ltr'>(iv</span> <span class='ocrx_word' id='word_1_6' title='bbox 297 501 350 539; x_wconf 88' lang='lat' dir='ltr'>id.)</span> <span class='ocrx_word' id='word_1_7' title='bbox 368 505 422 530; x_wconf 76' lang='lat' dir='ltr'>oct.</span> <span class='ocrx_word' id='word_1_8' title='bbox 443 501 530 530; x_wconf 75' lang='lat'>132⁰.</span> 
     </span>
    </p>
   </div>
   <div class='ocr_carea' id='block_1_4' title="bbox 266 546 446 581">
    <p class='ocr_par' dir='ltr' id='par_1_4' title="bbox 266 546 446 581">
     <span class='ocr_line' id='line_1_4' title="bbox 266 546 446 581; baseline -0.006 -6"><span class='ocrx_word' id='word_1_9' title='bbox 266 548 298 576; x_wconf 89' lang='grc' dir='ltr'>Τ.</span> <span class='ocrx_word' id='word_1_10' title='bbox 311 547 358 581; x_wconf 86' lang='grc' dir='ltr'>ΧΙ,</span> <span class='ocrx_word' id='word_1_11' title='bbox 373 546 446 575; x_wconf 88' lang='lat' dir='ltr'>XIII.</span> 
     </span>
    </p>
   </div>
   <div class='ocr_carea' id='block_1_5' title="bbox 295 715 422 786">
    <p class='ocr_par' dir='ltr' id='par_1_5' title="bbox 295 715 422 786">
     <span class='ocr_line' id='line_1_5' title="bbox 310 715 394 742; baseline 0 0"><span class='ocrx_word' id='word_1_12' title='bbox 310 715 356 742; x_wconf 61' lang='lat' dir='ltr'>*L&#39;t</span> <span class='ocrx_word' id='word_1_13' title='bbox 370 723 394 742; x_wconf 90' lang='lat' dir='ltr'>s.</span> 
     </span>
     <span class='ocr_line' id='line_1_6' title="bbox 295 759 422 786; baseline 0 0"><span class='ocrx_word' id='word_1_14' title='bbox 295 759 326 786; x_wconf 93' lang='lat' dir='ltr'>T.</span> <span class='ocrx_word' id='word_1_15' title='bbox 343 759 422 786; x_wconf 85' lang='lat' dir='ltr'>XXX.</span> 
     </span>
    </p>
   </div>
   <div class='ocr_carea' id='block_1_6' title="bbox 311 1192 416 1264">
    <p class='ocr_par' dir='ltr' id='par_1_6' title="bbox 311 1192 416 1264">
     <span class='ocr_line' id='line_1_7' title="bbox 325 1192 404 1220; baseline -0.025 0"><span class='ocrx_word' id='word_1_16' title='bbox 325 1192 362 1220; x_wconf 93' lang='lat' dir='ltr'>Ut</span> <span class='ocrx_word' id='word_1_17' title='bbox 378 1200 404 1219; x_wconf 77' lang='lat' dir='ltr'>s.</span> 
     </span>
     <span class='ocr_line' id='line_1_8' title="bbox 311 1236 416 1264; baseline 0.01 -1"><span class='ocrx_word' id='word_1_18' title='bbox 311 1237 342 1264; x_wconf 88' lang='lat' dir='ltr'>T.</span> <span class='ocrx_word' id='word_1_19' title='bbox 359 1236 416 1264; x_wconf 86' lang='lat' dir='ltr'>XX.</span> 
     </span>
    </p>
   </div>
   <div class='ocr_carea' id='block_1_7' title="bbox 253 1404 478 1483">
    <p class='ocr_par' dir='ltr' id='par_1_7' title="bbox 253 1404 478 1483">
     <span class='ocr_line' id='line_1_9' title="bbox 326 1404 407 1432; baseline 0 0"><span class='ocrx_word' id='word_1_20' title='bbox 326 1404 364 1432; x_wconf 90' lang='lat' dir='ltr'>Ut</span> <span class='ocrx_word' id='word_1_21' title='bbox 384 1413 407 1432; x_wconf 80' lang='lat' dir='ltr'>S.</span> 
     </span>
     <span class='ocr_line' id='line_1_10' title="bbox 253 1448 478 1483; baseline 0 -7"><span class='ocrx_word' id='word_1_22' title='bbox 253 1449 283 1476; x_wconf 88' lang='grc' dir='ltr'>Τ.</span> <span class='ocrx_word' id='word_1_23' title='bbox 298 1449 369 1483; x_wconf 90' lang='lat' dir='ltr'>XVI,</span> <span class='ocrx_word' id='word_1_24' title='bbox 382 1448 478 1476; x_wconf 86' lang='lat' dir='ltr'>XVIII.</span> 
     </span>
    </p>
   </div>
   <div class='ocr_carea' id='block_1_8' title="bbox 330 1776 405 1803">
    <p class='ocr_par' dir='ltr' id='par_1_8' title="bbox 330 1776 405 1803">
     <span class='ocr_line' id='line_1_11' title="bbox 330 1776 405 1803; baseline -0.013 0"><span class='ocrx_word' id='word_1_25' title='bbox 330 1776 366 1803; x_wconf 76' lang='lat' dir='ltr'>L&#39;t</span> <span class='ocrx_word' id='word_1_26' title='bbox 381 1783 405 1802; x_wconf 84' lang='lat' dir='ltr'>s.</span> 
     </span>
    </p>
   </div>
   <div class='ocr_carea' id='block_1_9' title="bbox 279 1882 460 1961">
    <p class='ocr_par' dir='ltr' id='par_1_9' title="bbox 279 1882 460 1961">
     <span class='ocr_line' id='line_1_12' title="bbox 337 1882 408 1910; baseline 0 -1"><span class='ocrx_word' id='word_1_27' title='bbox 337 1882 370 1910; x_wconf 83' lang='lat' dir='ltr'>Ut</span> <span class='ocrx_word' id='word_1_28' title='bbox 383 1890 408 1909; x_wconf 77' lang='lat' dir='ltr'>s.</span> 
     </span>
     <span class='ocr_line' id='line_1_13' title="bbox 279 1926 460 1961; baseline -0.011 -7"><span class='ocrx_word' id='word_1_29' title='bbox 279 1927 310 1954; x_wconf 88' lang='grc' dir='ltr'>Τ.</span> <span class='ocrx_word' id='word_1_30' title='bbox 326 1926 373 1961; x_wconf 88' lang='lat' dir='ltr'>XI,</span> <span class='ocrx_word' id='word_1_31' title='bbox 389 1926 460 1953; x_wconf 86' lang='lat' dir='ltr'>XIII.</span> 
     </span>
    </p>
   </div>
   <div class='ocr_carea' id='block_1_10' title="bbox 330 2148 410 2175">
    <p class='ocr_par' dir='ltr' id='par_1_10' title="bbox 330 2148 410 2175">
     <span class='ocr_line' id='line_1_14' title="bbox 330 2148 410 2175; baseline -0.013 0"><span class='ocrx_word' id='word_1_32' title='bbox 330 2148 364 2175; x_wconf 84' lang='lat' dir='ltr'>Ut</span> <span class='ocrx_word' id='word_1_33' title='bbox 386 2155 410 2175; x_wconf 88' lang='lat' dir='ltr'>s.</span> 
     </span>
    </p>
   </div>
   <div class='ocr_carea' id='block_1_11' title="bbox 308 2467 441 2539">
    <p class='ocr_par' dir='ltr' id='par_1_11' title="bbox 308 2467 441 2539">
     <span class='ocr_line' id='line_1_15' title="bbox 333 2467 414 2495; baseline 0 -1"><span class='ocrx_word' id='word_1_34' title='bbox 333 2467 371 2495; x_wconf 91' lang='lat' dir='ltr'>Ut</span> <span class='ocrx_word' id='word_1_35' title='bbox 391 2475 414 2494; x_wconf 84' lang='lat' dir='ltr'>s.</span> 
     </span>
     <span class='ocr_line' id='line_1_16' title="bbox 308 2510 441 2539; baseline 0 -1"><span class='ocrx_word' id='word_1_36' title='bbox 308 2511 339 2539; x_wconf 89' lang='lat' dir='ltr'>T.</span> <span class='ocrx_word' id='word_1_37' title='bbox 361 2510 441 2538; x_wconf 87' lang='lat' dir='ltr'>XXX.</span> 
     </span>
    </p>
   </div>
   <div class='ocr_carea' id='block_1_12' title="bbox 291 2942 472 3020">
    <p class='ocr_par' dir='ltr' id='par_1_12' title="bbox 291 2942 472 3020">
     <span class='ocr_line' id='line_1_17' title="bbox 343 2942 419 2970; baseline 0 0"><span class='ocrx_word' id='word_1_38' title='bbox 343 2942 379 2970; x_wconf 87' lang='lat' dir='ltr'>Ut</span> <span class='ocrx_word' id='word_1_39' title='bbox 395 2951 419 2970; x_wconf 79' lang='lat' dir='ltr'>s.</span> 
     </span>
     <span class='ocr_line' id='line_1_18' title="bbox 291 2987 472 3020; baseline 0 -6"><span class='ocrx_word' id='word_1_40' title='bbox 291 2987 323 3014; x_wconf 93' lang='lat' dir='ltr'>T.</span> <span class='ocrx_word' id='word_1_41' title='bbox 339 2987 386 3020; x_wconf 87' lang='lat' dir='ltr'>XI,</span> <span class='ocrx_word' id='word_1_42' title='bbox 401 2987 472 3014; x_wconf 85' lang='lat' dir='ltr'>XIII.</span> 
     </span>
    </p>
   </div>
   <div class='ocr_carea' id='block_1_13' title="bbox 571 742 580 1275">
    <p class='ocr_par' dir='ltr' id='par_1_13' title="bbox 571 742 580 1275">
     <span class='ocr_line' id='line_1_19' title="bbox 571 742 580 1275; baseline 0 0"><span class='ocrx_word' id='word_1_43' title='bbox 571 742 580 1275; x_wconf 95' lang='lat' dir='ltr'> </span> 
     </span>
    </p>
   </div>
   <div class='ocr_carea' id='block_1_14' title="bbox 580 1655 587 2181">
    <p class='ocr_par' dir='ltr' id='par_1_14' title="bbox 580 1655 587 2181">
     <span class='ocr_line' id='line_1_20' title="bbox 580 1655 587 2181; baseline 0 0"><span class='ocrx_word' id='word_1_44' title='bbox 580 1655 587 2181; x_wconf 95' lang='lat' dir='ltr'> </span> 
     </span>
    </p>
   </div>
   <div class='ocr_carea' id='block_1_15' title="bbox 575 307 2190 348">
    <p class='ocr_par' dir='ltr' id='par_1_15' title="bbox 575 307 2190 348">
     <span class='ocr_line' id='line_1_21' title="bbox 575 307 2190 348; baseline 0 -8"><span class='ocrx_word' id='word_1_45' title='bbox 575 307 748 340; x_wconf 78' lang='lat' dir='ltr'>JOANNIS</span> <span class='ocrx_word' id='word_1_46' title='bbox 771 307 890 338; x_wconf 82' lang='lat' dir='ltr'><strong>PAPAE</strong></span> <span class='ocrx_word' id='word_1_47' title='bbox 912 308 1014 338; x_wconf 87' lang='lat' dir='ltr'>XXII.</span> <span class='ocrx_word' id='word_1_48' title='bbox 1038 310 1287 348; x_wconf 79' lang='lat'>(1316-1334).</span> <span class='ocrx_word' id='word_1_49' title='bbox 1309 328 1347 332; x_wconf 97' lang='lat'><strong>—</strong></span> <span class='ocrx_word' id='word_1_50' title='bbox 1371 309 1557 340; x_wconf 83' lang='lat' dir='ltr'>LITTERAE.</span> <span class='ocrx_word' id='word_1_51' title='bbox 1580 309 1803 340; x_wconf 85' lang='lat' dir='ltr'>COMMUNES</span> <span class='ocrx_word' id='word_1_52' title='bbox 2133 311 2190 341; x_wconf 84' lang='grc'>197</span> 
     </span>
    </p>
   </div>
   <div class='ocr_carea' id='block_1_16' title="bbox 599 496 2220 3035">
    <p class='ocr_par' dir='ltr' id='par_1_16' title="bbox 599 496 2191 697">
     <span class='ocr_line' id='line_1_22' title="bbox 645 496 2189 538; baseline 0.001 -10"><span class='ocrx_word' id='word_1_53' title='bbox 645 496 778 529; x_wconf 80' lang='grc'>12465.</span> <span class='ocrx_word' id='word_1_54' title='bbox 794 516 832 521; x_wconf 90' lang='grc'>-</span> <span class='ocrx_word' id='word_1_55' title='bbox 846 498 968 530; x_wconf 88' lang='lat' dir='ltr'>Collat.</span> <span class='ocrx_word' id='word_1_56' title='bbox 986 507 1104 530; x_wconf 89' lang='lat' dir='ltr'>canon.</span> <span class='ocrx_word' id='word_1_57' title='bbox 1123 498 1186 529; x_wconf 90' lang='lat' dir='ltr'>sub</span> <span class='ocrx_word' id='word_1_58' title='bbox 1203 507 1298 538; x_wconf 82' lang='lat' dir='ltr'>exsp.</span> <span class='ocrx_word' id='word_1_59' title='bbox 1320 499 1423 538; x_wconf 86' lang='lat' dir='ltr'>praeb.</span> <span class='ocrx_word' id='word_1_60' title='bbox 1442 500 1521 530; x_wconf 88' lang='lat' dir='ltr'>eccl.</span> <span class='ocrx_word' id='word_1_61' title='bbox 1540 508 1566 530; x_wconf 89' lang='lat' dir='ltr'>s.</span> <span class='ocrx_word' id='word_1_62' title='bbox 1586 500 1747 531; x_wconf 88' lang='lat' dir='ltr'>Rumoldi</span> <span class='ocrx_word' id='word_1_63' title='bbox 1764 500 1958 536; x_wconf 88' lang='lat' dir='ltr'>Maclinen.‚</span> <span class='ocrx_word' id='word_1_64' title='bbox 1975 501 2189 532; x_wconf 85' lang='lat' dir='ltr'>Cameracen.</span> 
     </span>
     <span class='ocr_line' id='line_1_23' title="bbox 599 550 2191 591; baseline 0.001 -8"><span class='ocrx_word' id='word_1_65' title='bbox 599 553 658 591; x_wconf 87' lang='lat' dir='ltr'>di.,</span> <span class='ocrx_word' id='word_1_66' title='bbox 675 553 770 583; x_wconf 77' lang='lat' dir='ltr'>Petro</span> <span class='ocrx_word' id='word_1_67' title='bbox 785 551 889 583; x_wconf 69' lang='lat' dir='ltr'>Alea-ii</span> <span class='ocrx_word' id='word_1_68' title='bbox 903 550 940 582; x_wconf 87' lang='lat' dir='ltr'>de</span> <span class='ocrx_word' id='word_1_69' title='bbox 966 550 1055 582; x_wconf 84' lang='lat' dir='ltr'>Urbe.</span> <span class='ocrx_word' id='word_1_70' title='bbox 1073 568 1111 573; x_wconf 91' lang='lat'><em>-</em></span> <span class='ocrx_word' id='word_1_71' title='bbox 1129 551 1155 582; x_wconf 94' lang='lat' dir='ltr'>I.</span> <span class='ocrx_word' id='word_1_72' title='bbox 1177 558 1206 582; x_wconf 88' lang='lat' dir='ltr'>e.</span> <span class='ocrx_word' id='word_1_73' title='bbox 1226 560 1270 581; x_wconf 90' lang='lat' dir='ltr'>m.</span> <span class='ocrx_word' id='word_1_74' title='bbox 1294 560 1382 591; x_wconf 87' lang='lat' dir='ltr'>mag.</span> <span class='ocrx_word' id='word_1_75' title='bbox 1408 552 1597 591; x_wconf 86' lang='lat' dir='ltr'>Napoleoni</span> <span class='ocrx_word' id='word_1_76' title='bbox 1615 553 1655 583; x_wconf 91' lang='lat' dir='ltr'>de</span> <span class='ocrx_word' id='word_1_77' title='bbox 1674 553 1756 583; x_wconf 82' lang='lat' dir='ltr'>filiis</span> <span class='ocrx_word' id='word_1_78' title='bbox 1780 553 1873 591; x_wconf 88' lang='lat' dir='ltr'>Ursi,</span> <span class='ocrx_word' id='word_1_79' title='bbox 1893 553 2018 585; x_wconf 83' lang='lat' dir='ltr'>archid.</span> <span class='ocrx_word' id='word_1_80' title='bbox 2038 554 2078 584; x_wconf 90' lang='lat' dir='ltr'>de</span> <span class='ocrx_word' id='word_1_81' title='bbox 2093 553 2191 584; x_wconf 88' lang='lat' dir='ltr'>Cam-</span> 
     </span>
     <span class='ocr_line' id='line_1_24' title="bbox 599 603 2190 646; baseline 0.001 -10"><span class='ocrx_word' id='word_1_82' title='bbox 599 605 694 646; x_wconf 85' lang='lat' dir='ltr'>pinia</span> <span class='ocrx_word' id='word_1_83' title='bbox 710 605 746 636; x_wconf 91' lang='lat' dir='ltr'>in</span> <span class='ocrx_word' id='word_1_84' title='bbox 762 604 843 636; x_wconf 86' lang='lat' dir='ltr'>eccl.</span> <span class='ocrx_word' id='word_1_85' title='bbox 862 604 1037 639; x_wconf 87' lang='lat' dir='ltr'>Leodien.,</span> <span class='ocrx_word' id='word_1_86' title='bbox 1055 603 1122 634; x_wconf 91' lang='grc' dir='ltr'>ΡΡ.</span> <span class='ocrx_word' id='word_1_87' title='bbox 1140 604 1222 640; x_wconf 94' lang='lat' dir='ltr'>not.,</span> <span class='ocrx_word' id='word_1_88' title='bbox 1242 604 1274 634; x_wconf 90' lang='lat' dir='ltr'>et</span> <span class='ocrx_word' id='word_1_89' title='bbox 1290 612 1319 634; x_wconf 92' lang='lat' dir='ltr'>s.</span> <span class='ocrx_word' id='word_1_90' title='bbox 1335 604 1433 634; x_wconf 78' lang='lat' dir='ltr'>Pauli</span> <span class='ocrx_word' id='word_1_91' title='bbox 1450 605 1489 635; x_wconf 90' lang='lat' dir='ltr'>de</span> <span class='ocrx_word' id='word_1_92' title='bbox 1508 604 1595 636; x_wconf 85' lang='lat' dir='ltr'>Urbe</span> <span class='ocrx_word' id='word_1_93' title='bbox 1613 613 1651 636; x_wconf 88' lang='lat' dir='ltr'>ac</span> <span class='ocrx_word' id='word_1_94' title='bbox 1666 615 1694 636; x_wconf 90' lang='lat' dir='ltr'>s.</span> <span class='ocrx_word' id='word_1_95' title='bbox 1712 606 1804 637; x_wconf 90' lang='lat' dir='ltr'>Petri</span> <span class='ocrx_word' id='word_1_96' title='bbox 1822 606 1987 644; x_wconf 59' lang='lat' dir='ltr'>Grandem,</span> <span class='ocrx_word' id='word_1_97' title='bbox 2005 606 2190 637; x_wconf 83' lang='lat' dir='ltr'>Tornacen.</span> 
     </span>
     <span class='ocr_line' id='line_1_25' title="bbox 600 655 1482 697; baseline -0.005 -7"><span class='ocrx_word' id='word_1_98' title='bbox 600 659 661 697; x_wconf 86' lang='lat' dir='ltr'>di.,</span> <span class='ocrx_word' id='word_1_99' title='bbox 677 659 822 690; x_wconf 90' lang='lat' dir='ltr'>monast.</span> <span class='ocrx_word' id='word_1_100' title='bbox 837 656 913 689; x_wconf 85' lang='lat' dir='ltr'>abb.</span> <span class='ocrx_word' id='word_1_101' title='bbox 930 657 981 697; x_wconf 81' lang='lat' dir='ltr'>(A.</span> <span class='ocrx_word' id='word_1_102' title='bbox 1002 658 1050 693; x_wconf 79' lang='lat'>14,</span> <span class='ocrx_word' id='word_1_103' title='bbox 1072 656 1095 687; x_wconf 83' lang='lat' dir='ltr'>f.</span> <span class='ocrx_word' id='word_1_104' title='bbox 1112 658 1152 688; x_wconf 85' lang='lat'>65</span> <span class='ocrx_word' id='word_1_105' title='bbox 1169 661 1200 692; x_wconf 76' lang='lat'>³3</span> <span class='ocrx_word' id='word_1_106' title='bbox 1224 655 1258 687; x_wconf 91' lang='lat' dir='ltr'>V.</span> <span class='ocrx_word' id='word_1_107' title='bbox 1274 658 1323 694; x_wconf 90' lang='lat'>71,</span> <span class='ocrx_word' id='word_1_108' title='bbox 1342 666 1393 696; x_wconf 87' lang='lat' dir='ltr'>ep.</span> <span class='ocrx_word' id='word_1_109' title='bbox 1414 657 1482 696; x_wconf 88' lang='lat'>61.)</span> 
     </span>
    </p>

    <p class='ocr_par' dir='ltr' id='par_1_17' title="bbox 601 708 2200 1174">
     <span class='ocr_line' id='line_1_26' title="bbox 646 708 2194 750; baseline 0.001 -10"><span class='ocrx_word' id='word_1_110' title='bbox 646 708 779 740; x_wconf 74' lang='grc'>12466.</span> <span class='ocrx_word' id='word_1_111' title='bbox 803 728 843 733; x_wconf 89' lang='lat'>-—</span> <span class='ocrx_word' id='word_1_112' title='bbox 861 709 1005 741; x_wconf 71' lang='lat' dir='ltr'>prioris.</span> <span class='ocrx_word' id='word_1_113' title='bbox 1021 708 1144 740; x_wconf 72' lang='lat' dir='ltr'>Nic-olai</span> <span class='ocrx_word' id='word_1_114' title='bbox 1161 708 1326 750; x_wconf 86' lang='lat' dir='ltr'>Bajonen.,</span> <span class='ocrx_word' id='word_1_115' title='bbox 1346 719 1380 739; x_wconf 90' lang='lat' dir='ltr'>ac</span> <span class='ocrx_word' id='word_1_116' title='bbox 1397 709 1561 740; x_wconf 77' lang='lat' dir='ltr'>Bernardo</span> <span class='ocrx_word' id='word_1_117' title='bbox 1585 710 1621 740; x_wconf 87' lang='lat' dir='ltr'>de</span> <span class='ocrx_word' id='word_1_118' title='bbox 1641 710 1734 740; x_wconf 80' lang='lat' dir='ltr'>Saltu</span> <span class='ocrx_word' id='word_1_119' title='bbox 1748 715 1775 741; x_wconf 85' lang='lat' dir='ltr'>et</span> <span class='ocrx_word' id='word_1_120' title='bbox 1800 710 1913 742; x_wconf 78' lang='lat' dir='ltr'>Garsiae</span> <span class='ocrx_word' id='word_1_121' title='bbox 1927 711 2061 742; x_wconf 80' lang='lat' dir='ltr'>Arnaldi</span> <span class='ocrx_word' id='word_1_122' title='bbox 2078 712 2116 742; x_wconf 86' lang='lat' dir='ltr'>de</span> <span class='ocrx_word' id='word_1_123' title='bbox 2135 712 2194 743; x_wconf 89' lang='lat' dir='ltr'>Do-</span> 
     </span>
     <span class='ocr_line' id='line_1_27' title="bbox 601 762 2192 804; baseline 0.001 -9"><span class='ocrx_word' id='word_1_124' title='bbox 601 764 748 801; x_wconf 81' lang='lat' dir='ltr'>mazamh,</span> <span class='ocrx_word' id='word_1_125' title='bbox 769 773 834 794; x_wconf 81' lang='lat' dir='ltr'>can.</span> <span class='ocrx_word' id='word_1_126' title='bbox 855 763 1018 804; x_wconf 64' lang='lat' dir='ltr'>Bajonen„</span> <span class='ocrx_word' id='word_1_127' title='bbox 1036 762 1150 793; x_wconf 87' lang='lat' dir='ltr'>mand.</span> <span class='ocrx_word' id='word_1_128' title='bbox 1169 764 1206 793; x_wconf 91' lang='lat' dir='ltr'>ut</span> <span class='ocrx_word' id='word_1_129' title='bbox 1221 762 1343 794; x_wconf 87' lang='lat' dir='ltr'>Joanni</span> <span class='ocrx_word' id='word_1_130' title='bbox 1361 762 1473 793; x_wconf 87' lang='lat' dir='ltr'>Sancii</span> <span class='ocrx_word' id='word_1_131' title='bbox 1490 763 1530 794; x_wconf 90' lang='lat' dir='ltr'>de</span> <span class='ocrx_word' id='word_1_132' title='bbox 1548 763 1632 798; x_wconf 85' lang='lat' dir='ltr'>Hiti,</span> <span class='ocrx_word' id='word_1_133' title='bbox 1651 773 1722 794; x_wconf 85' lang='lat' dir='ltr'>can.</span> <span class='ocrx_word' id='word_1_134' title='bbox 1742 764 1821 795; x_wconf 87' lang='lat' dir='ltr'>eccl.</span> <span class='ocrx_word' id='word_1_135' title='bbox 1837 773 1864 794; x_wconf 89' lang='lat' dir='ltr'>s.</span> <span class='ocrx_word' id='word_1_136' title='bbox 1879 764 2003 795; x_wconf 88' lang='lat' dir='ltr'>Hilarii</span> <span class='ocrx_word' id='word_1_137' title='bbox 2020 765 2192 797; x_wconf 86' lang='lat' dir='ltr'>Pictaven.</span> 
     </span>
     <span class='ocr_line' id='line_1_28' title="bbox 601 814 2194 857; baseline 0 -8"><span class='ocrx_word' id='word_1_138' title='bbox 601 817 665 849; x_wconf 88' lang='lat' dir='ltr'>sub</span> <span class='ocrx_word' id='word_1_139' title='bbox 678 826 774 857; x_wconf 85' lang='lat' dir='ltr'>exsp.</span> <span class='ocrx_word' id='word_1_140' title='bbox 794 815 894 856; x_wconf 86' lang='lat' dir='ltr'>praeb.</span> <span class='ocrx_word' id='word_1_141' title='bbox 913 817 946 847; x_wconf 90' lang='lat' dir='ltr'>et</span> <span class='ocrx_word' id='word_1_142' title='bbox 960 824 1032 855; x_wconf 85' lang='lat' dir='ltr'>cap.</span> <span class='ocrx_word' id='word_1_143' title='bbox 1049 815 1227 847; x_wconf 86' lang='lat' dir='ltr'>Guillelmi</span> <span class='ocrx_word' id='word_1_144' title='bbox 1248 815 1316 854; x_wconf 90' lang='lat' dir='ltr'>ep.i</span> <span class='ocrx_word' id='word_1_145' title='bbox 1332 814 1491 846; x_wconf 87' lang='lat' dir='ltr'>Sabinen.</span> <span class='ocrx_word' id='word_1_146' title='bbox 1511 816 1746 855; x_wconf 85' lang='lat' dir='ltr'>supplicantis,</span> <span class='ocrx_word' id='word_1_147' title='bbox 1765 817 1939 848; x_wconf 83' lang='lat' dir='ltr'>conferant</span> <span class='ocrx_word' id='word_1_148' title='bbox 1963 818 2097 857; x_wconf 80' lang='lat' dir='ltr'>paroch.</span> <span class='ocrx_word' id='word_1_149' title='bbox 2113 818 2194 849; x_wconf 84' lang='lat' dir='ltr'>eccl.</span> 
     </span>
     <span class='ocr_line' id='line_1_29' title="bbox 601 868 2196 908; baseline -0.001 -6"><span class='ocrx_word' id='word_1_150' title='bbox 601 871 642 902; x_wconf 86' lang='lat' dir='ltr'>de</span> <span class='ocrx_word' id='word_1_151' title='bbox 659 869 846 904; x_wconf 87' lang='lat' dir='ltr'>Clavantia,</span> <span class='ocrx_word' id='word_1_152' title='bbox 863 870 1022 908; x_wconf 86' lang='lat' dir='ltr'>Bajonen.</span> <span class='ocrx_word' id='word_1_153' title='bbox 1041 868 1100 904; x_wconf 90' lang='lat' dir='ltr'>di.,</span> <span class='ocrx_word' id='word_1_154' title='bbox 1119 869 1258 908; x_wconf 88' lang='lat' dir='ltr'>propter</span> <span class='ocrx_word' id='word_1_155' title='bbox 1274 868 1440 899; x_wconf 85' lang='lat' dir='ltr'>diutinam</span> <span class='ocrx_word' id='word_1_156' title='bbox 1457 868 1666 899; x_wconf 79' lang='lat' dir='ltr'>vacationem</span> <span class='ocrx_word' id='word_1_157' title='bbox 1683 869 1723 899; x_wconf 88' lang='lat' dir='ltr'>ad</span> <span class='ocrx_word' id='word_1_158' title='bbox 1741 870 1774 901; x_wconf 88' lang='lat' dir='ltr'>S.</span> <span class='ocrx_word' id='word_1_159' title='bbox 1795 871 1835 900; x_wconf 89' lang='lat' dir='ltr'>A.</span> <span class='ocrx_word' id='word_1_160' title='bbox 1851 870 1963 901; x_wconf 79' lang='lat' dir='ltr'>collat.</span> <span class='ocrx_word' id='word_1_161' title='bbox 1984 871 2196 907; x_wconf 76' lang='lat' dir='ltr'>devolutam,</span> 
     </span>
     <span class='ocr_line' id='line_1_30' title="bbox 601 920 2199 963; baseline -0.001 -8"><span class='ocrx_word' id='word_1_162' title='bbox 601 932 680 955; x_wconf 84' lang='lat' dir='ltr'>nam</span> <span class='ocrx_word' id='word_1_163' title='bbox 696 922 889 954; x_wconf 89' lang='lat' dir='ltr'>Bernardus</span> <span class='ocrx_word' id='word_1_164' title='bbox 902 922 942 953; x_wconf 89' lang='lat' dir='ltr'>de</span> <span class='ocrx_word' id='word_1_165' title='bbox 955 920 1112 953; x_wconf 90' lang='lat' dir='ltr'>Elissabe</span> <span class='ocrx_word' id='word_1_166' title='bbox 1129 922 1282 960; x_wconf 88' lang='lat' dir='ltr'>tempore</span> <span class='ocrx_word' id='word_1_167' title='bbox 1306 921 1419 952; x_wconf 85' lang='lat' dir='ltr'>collat.</span> <span class='ocrx_word' id='word_1_168' title='bbox 1443 921 1510 951; x_wconf 85' lang='lat' dir='ltr'>sibi</span> <span class='ocrx_word' id='word_1_169' title='bbox 1528 921 1623 952; x_wconf 83' lang='lat' dir='ltr'>factae</span> <span class='ocrx_word' id='word_1_170' title='bbox 1647 921 1686 952; x_wconf 87' lang='lat' dir='ltr'>de</span> <span class='ocrx_word' id='word_1_171' title='bbox 1703 921 1764 952; x_wconf 86' lang='lat' dir='ltr'>illa</span> <span class='ocrx_word' id='word_1_172' title='bbox 1782 923 1931 953; x_wconf 89' lang='lat' dir='ltr'>nondum</span> <span class='ocrx_word' id='word_1_173' title='bbox 1948 924 1986 953; x_wconf 76' lang='lat'>25</span> <span class='ocrx_word' id='word_1_174' title='bbox 2011 932 2064 953; x_wconf 85' lang='lat' dir='ltr'>an.</span> <span class='ocrx_word' id='word_1_175' title='bbox 2083 923 2199 963; x_wconf 85' lang='lat' dir='ltr'>attige-</span> 
     </span>
     <span class='ocr_line' id='line_1_31' title="bbox 602 974 2198 1014; baseline 0 -7"><span class='ocrx_word' id='word_1_176' title='bbox 602 978 654 1009; x_wconf 87' lang='lat' dir='ltr'>rat</span> <span class='ocrx_word' id='word_1_177' title='bbox 667 978 711 1011; x_wconf 89' lang='lat' dir='ltr'>et‚</span> <span class='ocrx_word' id='word_1_178' title='bbox 727 976 806 1006; x_wconf 86' lang='lat' dir='ltr'>licet</span> <span class='ocrx_word' id='word_1_179' title='bbox 822 975 910 1006; x_wconf 81' lang='lat' dir='ltr'>infra</span> <span class='ocrx_word' id='word_1_180' title='bbox 929 983 1054 1006; x_wconf 84' lang='lat' dir='ltr'>annum</span> <span class='ocrx_word' id='word_1_181' title='bbox 1068 982 1104 1005; x_wconf 91' lang='lat' dir='ltr'>se</span> <span class='ocrx_word' id='word_1_182' title='bbox 1129 982 1196 1005; x_wconf 91' lang='lat' dir='ltr'>non</span> <span class='ocrx_word' id='word_1_183' title='bbox 1217 974 1297 1005; x_wconf 87' lang='lat' dir='ltr'>fecit</span> <span class='ocrx_word' id='word_1_184' title='bbox 1313 974 1355 1004; x_wconf 89' lang='lat' dir='ltr'>ad</span> <span class='ocrx_word' id='word_1_185' title='bbox 1371 974 1442 1005; x_wconf 91' lang='lat' dir='ltr'>ord.</span> <span class='ocrx_word' id='word_1_186' title='bbox 1460 974 1665 1013; x_wconf 85' lang='lat' dir='ltr'>promoveri,</span> <span class='ocrx_word' id='word_1_187' title='bbox 1685 974 1780 1006; x_wconf 89' lang='lat' dir='ltr'>illam</span> <span class='ocrx_word' id='word_1_188' title='bbox 1798 976 1911 1006; x_wconf 87' lang='lat' dir='ltr'>tamen</span> <span class='ocrx_word' id='word_1_189' title='bbox 1931 984 1991 1014; x_wconf 90' lang='lat' dir='ltr'>per</span> <span class='ocrx_word' id='word_1_190' title='bbox 2014 976 2198 1007; x_wconf 84' lang='lat' dir='ltr'><strong>triennium</strong></span> 
     </span>
     <span class='ocr_line' id='line_1_32' title="bbox 602 1027 2200 1069; baseline -0.001 -8"><span class='ocrx_word' id='word_1_191' title='bbox 602 1029 723 1067; x_wconf 85' lang='lat' dir='ltr'>tenuit,</span> <span class='ocrx_word' id='word_1_192' title='bbox 741 1030 774 1060; x_wconf 86' lang='lat' dir='ltr'>et</span> <span class='ocrx_word' id='word_1_193' title='bbox 788 1028 994 1060; x_wconf 87' lang='lat' dir='ltr'>Guillelmus</span> <span class='ocrx_word' id='word_1_194' title='bbox 1012 1027 1155 1059; x_wconf 89' lang='lat' dir='ltr'>Arnaldi</span> <span class='ocrx_word' id='word_1_195' title='bbox 1170 1028 1211 1066; x_wconf 78' lang='lat' dir='ltr'>de</span> <span class='ocrx_word' id='word_1_196' title='bbox 1236 1027 1421 1066; x_wconf 86' lang='lat' dir='ltr'>Viridario,</span> <span class='ocrx_word' id='word_1_197' title='bbox 1440 1027 1519 1058; x_wconf 90' lang='lat' dir='ltr'>cler.</span> <span class='ocrx_word' id='word_1_198' title='bbox 1539 1028 1670 1067; x_wconf 87' lang='lat' dir='ltr'>Aquen.</span> <span class='ocrx_word' id='word_1_199' title='bbox 1693 1028 1753 1065; x_wconf 87' lang='lat' dir='ltr'>di.,</span> <span class='ocrx_word' id='word_1_200' title='bbox 1772 1028 1826 1059; x_wconf 84' lang='lat' dir='ltr'>cui</span> <span class='ocrx_word' id='word_1_201' title='bbox 1853 1028 1974 1059; x_wconf 85' lang='lat' dir='ltr'>Petrus</span> <span class='ocrx_word' id='word_1_202' title='bbox 1990 1037 2087 1068; x_wconf 91' lang='lat' dir='ltr'>ep.us</span> <span class='ocrx_word' id='word_1_203' title='bbox 2102 1029 2200 1069; x_wconf 88' lang='lat' dir='ltr'>Bajo-</span> 
     </span>
     <span class='ocr_line' id='line_1_33' title="bbox 604 1080 2199 1122; baseline -0.001 -8"><span class='ocrx_word' id='word_1_204' title='bbox 604 1091 694 1120; x_wconf 61' lang='lat' dir='ltr'>nen„</span> <span class='ocrx_word' id='word_1_205' title='bbox 713 1081 952 1122; x_wconf 82' lang='lat' dir='ltr'>praedictorum</span> <span class='ocrx_word' id='word_1_206' title='bbox 969 1090 1036 1113; x_wconf 89' lang='lat' dir='ltr'>non</span> <span class='ocrx_word' id='word_1_207' title='bbox 1053 1081 1204 1121; x_wconf 85' lang='lat' dir='ltr'>ignarus,</span> <span class='ocrx_word' id='word_1_208' title='bbox 1224 1080 1349 1111; x_wconf 86' lang='lat' dir='ltr'>dictam</span> <span class='ocrx_word' id='word_1_209' title='bbox 1365 1080 1445 1111; x_wconf 89' lang='lat' dir='ltr'>eccl.</span> <span class='ocrx_word' id='word_1_210' title='bbox 1462 1080 1604 1111; x_wconf 85' lang='lat' dir='ltr'>contulit</span> <span class='ocrx_word' id='word_1_211' title='bbox 1622 1081 1662 1111; x_wconf 92' lang='lat' dir='ltr'>de</span> <span class='ocrx_word' id='word_1_212' title='bbox 1680 1080 1779 1118; x_wconf 83' lang='lat' dir='ltr'>facto,</span> <span class='ocrx_word' id='word_1_213' title='bbox 1800 1089 1876 1112; x_wconf 91' lang='lat' dir='ltr'>cum</span> <span class='ocrx_word' id='word_1_214' title='bbox 1891 1081 1931 1112; x_wconf 91' lang='lat' dir='ltr'>de</span> <span class='ocrx_word' id='word_1_215' title='bbox 1946 1081 2019 1120; x_wconf 86' lang='lat' dir='ltr'>jure</span> <span class='ocrx_word' id='word_1_216' title='bbox 2038 1091 2105 1113; x_wconf 88' lang='lat' dir='ltr'>non</span> <span class='ocrx_word' id='word_1_217' title='bbox 2124 1090 2199 1121; x_wconf 90' lang='lat' dir='ltr'>pos-</span> 
     </span>
     <span class='ocr_line' id='line_1_34' title="bbox 605 1133 1811 1174; baseline -0.002 -6"><span class='ocrx_word' id='word_1_218' title='bbox 605 1138 668 1174; x_wconf 86' lang='lat' dir='ltr'>set,</span> <span class='ocrx_word' id='word_1_219' title='bbox 685 1134 819 1166; x_wconf 80' lang='lat' dir='ltr'>nullum</span> <span class='ocrx_word' id='word_1_220' title='bbox 833 1134 890 1174; x_wconf 87' lang='lat' dir='ltr'>jus</span> <span class='ocrx_word' id='word_1_221' title='bbox 906 1134 1006 1166; x_wconf 84' lang='lat' dir='ltr'>habet</span> <span class='ocrx_word' id='word_1_222' title='bbox 1021 1134 1056 1165; x_wconf 91' lang='lat' dir='ltr'>in</span> <span class='ocrx_word' id='word_1_223' title='bbox 1074 1134 1205 1165; x_wconf 84' lang='lat' dir='ltr'>eadem.</span> <span class='ocrx_word' id='word_1_224' title='bbox 1224 1133 1276 1172; x_wconf 87' lang='lat' dir='ltr'>(A.</span> <span class='ocrx_word' id='word_1_225' title='bbox 1295 1135 1345 1170; x_wconf 75' lang='lat'>14,</span> <span class='ocrx_word' id='word_1_226' title='bbox 1366 1133 1389 1165; x_wconf 86' lang='lat' dir='ltr'>f.</span> <span class='ocrx_word' id='word_1_227' title='bbox 1407 1135 1466 1164; x_wconf 89' lang='grc'>110</span> <span class='ocrx_word' id='word_1_228' title='bbox 1485 1139 1513 1169; x_wconf 60' lang='grc' dir='ltr'>ἃ,</span> <span class='ocrx_word' id='word_1_229' title='bbox 1535 1133 1568 1164; x_wconf 89' lang='lat' dir='ltr'>V.</span> <span class='ocrx_word' id='word_1_230' title='bbox 1587 1135 1637 1170; x_wconf 87' lang='lat'>71,</span> <span class='ocrx_word' id='word_1_231' title='bbox 1655 1142 1707 1173; x_wconf 87' lang='lat' dir='ltr'>ep.</span> <span class='ocrx_word' id='word_1_232' title='bbox 1727 1133 1811 1172; x_wconf 89' lang='lat'>131.)</span> 
     </span>
    </p>

    <p class='ocr_par' dir='ltr' id='par_1_18' title="bbox 651 1185 2202 1228">
     <span class='ocr_line' id='line_1_35' title="bbox 651 1185 2202 1228; baseline 0.001 -10"><span class='ocrx_word' id='word_1_233' title='bbox 651 1185 787 1218; x_wconf 76' lang='lat'>12467.</span> <span class='ocrx_word' id='word_1_234' title='bbox 807 1205 846 1210; x_wconf 98' lang='lat'><strong>—</strong></span> <span class='ocrx_word' id='word_1_235' title='bbox 858 1187 1028 1228; x_wconf 78' lang='lat' dir='ltr'>Arckiep.o</span> <span class='ocrx_word' id='word_1_236' title='bbox 1050 1186 1218 1224; x_wconf 66' lang='lat' dir='ltr'>Arelatem,</span> <span class='ocrx_word' id='word_1_237' title='bbox 1233 1192 1261 1216; x_wconf 76' lang='lat' dir='ltr'>et</span> <span class='ocrx_word' id='word_1_238' title='bbox 1280 1196 1380 1227; x_wconf 81' lang='lat' dir='ltr'>praep.</span> <span class='ocrx_word' id='word_1_239' title='bbox 1401 1196 1436 1217; x_wconf 85' lang='lat' dir='ltr'>ac</span> <span class='ocrx_word' id='word_1_240' title='bbox 1455 1187 1589 1217; x_wconf 77' lang='lat' dir='ltr'>sacristae</span> <span class='ocrx_word' id='word_1_241' title='bbox 1609 1186 1683 1218; x_wconf 83' lang='lat' dir='ltr'>eccl.</span> <span class='ocrx_word' id='word_1_242' title='bbox 1700 1187 1889 1218; x_wconf 82' lang='lat' dir='ltr'>Avenionen.</span> <span class='ocrx_word' id='word_1_243' title='bbox 1909 1188 2023 1219; x_wconf 89' lang='lat' dir='ltr'>mand.</span> <span class='ocrx_word' id='word_1_244' title='bbox 2042 1188 2079 1219; x_wconf 87' lang='lat' dir='ltr'>ut</span> <span class='ocrx_word' id='word_1_245' title='bbox 2096 1188 2202 1228; x_wconf 86' lang='lat' dir='ltr'>recipi</span> 
     </span>
    </p>

    <p class='ocr_par' dir='ltr' id='par_1_19' title="bbox 605 1240 2206 1760">
     <span class='ocr_line' id='line_1_36' title="bbox 605 1240 2201 1281; baseline -0.002 -7"><span class='ocrx_word' id='word_1_246' title='bbox 605 1243 731 1274; x_wconf 85' lang='lat' dir='ltr'>faciant</span> <span class='ocrx_word' id='word_1_247' title='bbox 745 1241 969 1274; x_wconf 90' lang='lat' dir='ltr'>Guillelmum</span> <span class='ocrx_word' id='word_1_248' title='bbox 987 1241 1082 1281; x_wconf 85' lang='lat' dir='ltr'>Days</span> <span class='ocrx_word' id='word_1_249' title='bbox 1104 1241 1145 1272; x_wconf 89' lang='lat' dir='ltr'>de</span> <span class='ocrx_word' id='word_1_250' title='bbox 1167 1240 1331 1275; x_wconf 88' lang='lat' dir='ltr'>Abolena‚</span> <span class='ocrx_word' id='word_1_251' title='bbox 1348 1240 1427 1271; x_wconf 86' lang='lat' dir='ltr'>cler.</span> <span class='ocrx_word' id='word_1_252' title='bbox 1445 1240 1647 1272; x_wconf 84' lang='lat' dir='ltr'>Tricastrin.</span> <span class='ocrx_word' id='word_1_253' title='bbox 1663 1240 1723 1275; x_wconf 84' lang='lat' dir='ltr'>di.,</span> <span class='ocrx_word' id='word_1_254' title='bbox 1746 1240 1781 1271; x_wconf 89' lang='lat' dir='ltr'>in</span> <span class='ocrx_word' id='word_1_255' title='bbox 1798 1249 1871 1272; x_wconf 89' lang='lat' dir='ltr'>can.</span> <span class='ocrx_word' id='word_1_256' title='bbox 1892 1241 1971 1272; x_wconf 89' lang='lat' dir='ltr'>eccl.</span> <span class='ocrx_word' id='word_1_257' title='bbox 1989 1241 2201 1278; x_wconf 72' lang='lat' dir='ltr'>Aurasicen„</span> 
     </span>
     <span class='ocr_line' id='line_1_37' title="bbox 607 1293 2201 1334; baseline -0.002 -6"><span class='ocrx_word' id='word_1_258' title='bbox 607 1297 646 1328; x_wconf 92' lang='grc' dir='ltr'>Ο.</span> <span class='ocrx_word' id='word_1_259' title='bbox 666 1296 700 1328; x_wconf 88' lang='lat' dir='ltr'>S.</span> <span class='ocrx_word' id='word_1_260' title='bbox 719 1296 775 1330; x_wconf 91' lang='grc' dir='ltr'>Α.,</span> <span class='ocrx_word' id='word_1_261' title='bbox 787 1294 823 1325; x_wconf 91' lang='lat' dir='ltr'>in</span> <span class='ocrx_word' id='word_1_262' title='bbox 839 1303 906 1334; x_wconf 90' lang='lat' dir='ltr'>qua</span> <span class='ocrx_word' id='word_1_263' title='bbox 923 1296 1036 1326; x_wconf 87' lang='lat' dir='ltr'>certus</span> <span class='ocrx_word' id='word_1_264' title='bbox 1053 1303 1125 1325; x_wconf 88' lang='lat' dir='ltr'>can.</span> <span class='ocrx_word' id='word_1_265' title='bbox 1143 1302 1307 1325; x_wconf 88' lang='lat' dir='ltr'>numerus</span> <span class='ocrx_word' id='word_1_266' title='bbox 1320 1294 1353 1325; x_wconf 91' lang='lat' dir='ltr'>et</span> <span class='ocrx_word' id='word_1_267' title='bbox 1367 1293 1471 1333; x_wconf 85' lang='lat' dir='ltr'>praeb.</span> <span class='ocrx_word' id='word_1_268' title='bbox 1489 1293 1664 1325; x_wconf 83' lang='lat' dir='ltr'>distinctio</span> <span class='ocrx_word' id='word_1_269' title='bbox 1680 1302 1747 1325; x_wconf 90' lang='lat' dir='ltr'>non</span> <span class='ocrx_word' id='word_1_270' title='bbox 1761 1293 1938 1325; x_wconf 89' lang='lat' dir='ltr'>habentur.</span> <span class='ocrx_word' id='word_1_271' title='bbox 1957 1295 2008 1333; x_wconf 89' lang='lat' dir='ltr'>(A.</span> <span class='ocrx_word' id='word_1_272' title='bbox 2023 1296 2071 1331; x_wconf 78' lang='grc'>14,</span> <span class='ocrx_word' id='word_1_273' title='bbox 2083 1294 2106 1325; x_wconf 87' lang='lat' dir='ltr'>f.</span> <span class='ocrx_word' id='word_1_274' title='bbox 2124 1296 2164 1325; x_wconf 84' lang='lat'>89</span> <span class='ocrx_word' id='word_1_275' title='bbox 2174 1294 2201 1330; x_wconf 75' lang='lat'>¹³3</span> 
     </span>
     <span class='ocr_line' id='line_1_38' title="bbox 613 1348 890 1388; baseline -0.011 -7"><span class='ocrx_word' id='word_1_276' title='bbox 613 1349 647 1381; x_wconf 91' lang='lat' dir='ltr'>V.</span> <span class='ocrx_word' id='word_1_277' title='bbox 661 1351 712 1387; x_wconf 87' lang='grc'>71,</span> <span class='ocrx_word' id='word_1_278' title='bbox 732 1357 786 1388; x_wconf 89' lang='lat' dir='ltr'>ep.</span> <span class='ocrx_word' id='word_1_279' title='bbox 805 1348 890 1385; x_wconf 77' lang='grc'>145.)</span> 
     </span>
     <span class='ocr_line' id='line_1_39' title="bbox 610 1400 2204 1439; baseline 0.001 -9"><span class='ocrx_word' id='word_1_280' title='bbox 610 1428 613 1430; x_wconf 92' lang='grc'>,</span> <span class='ocrx_word' id='word_1_281' title='bbox 654 1400 788 1434; x_wconf 80' lang='grc'>12468.</span> <span class='ocrx_word' id='word_1_282' title='bbox 806 1401 969 1433; x_wconf 81' lang='lat' dir='ltr'>—Jacobo</span> <span class='ocrx_word' id='word_1_283' title='bbox 987 1401 1124 1432; x_wconf 79' lang='lat' dir='ltr'>Romano</span> <span class='ocrx_word' id='word_1_284' title='bbox 1140 1400 1176 1431; x_wconf 84' lang='lat' dir='ltr'>de</span> <span class='ocrx_word' id='word_1_285' title='bbox 1190 1400 1312 1438; x_wconf 62' lang='lat' dir='ltr'>Soaka,</span> <span class='ocrx_word' id='word_1_286' title='bbox 1335 1409 1424 1431; x_wconf 92' lang='lat' dir='ltr'>mon.</span> <span class='ocrx_word' id='word_1_287' title='bbox 1444 1402 1590 1432; x_wconf 87' lang='lat' dir='ltr'>monast.</span> <span class='ocrx_word' id='word_1_288' title='bbox 1610 1400 1643 1431; x_wconf 86' lang='lat' dir='ltr'>S.</span> <span class='ocrx_word' id='word_1_289' title='bbox 1661 1400 1705 1431; x_wconf 91' lang='lat' dir='ltr'>M.</span> <span class='ocrx_word' id='word_1_290' title='bbox 1722 1401 1762 1432; x_wconf 90' lang='lat' dir='ltr'>de</span> <span class='ocrx_word' id='word_1_291' title='bbox 1775 1400 1895 1439; x_wconf 89' lang='lat' dir='ltr'>Ebulo,</span> <span class='ocrx_word' id='word_1_292' title='bbox 1911 1401 1950 1433; x_wconf 93' lang='lat' dir='ltr'>O.</span> <span class='ocrx_word' id='word_1_293' title='bbox 1973 1402 2007 1433; x_wconf 83' lang='lat' dir='ltr'>S.</span> <span class='ocrx_word' id='word_1_294' title='bbox 2027 1402 2078 1439; x_wconf 89' lang='lat' dir='ltr'>B.‚</span> <span class='ocrx_word' id='word_1_295' title='bbox 2096 1401 2204 1432; x_wconf 84' lang='lat' dir='ltr'>Saler-</span> 
     </span>
     <span class='ocr_line' id='line_1_40' title="bbox 607 1453 2202 1495; baseline -0.002 -7"><span class='ocrx_word' id='word_1_296' title='bbox 607 1457 713 1488; x_wconf 87' lang='lat' dir='ltr'>nitan.</span> <span class='ocrx_word' id='word_1_297' title='bbox 731 1457 793 1494; x_wconf 90' lang='lat' dir='ltr'>di.,</span> <span class='ocrx_word' id='word_1_298' title='bbox 813 1456 927 1488; x_wconf 87' lang='lat' dir='ltr'>collat.</span> <span class='ocrx_word' id='word_1_299' title='bbox 952 1454 1184 1495; x_wconf 77' lang='lat' dir='ltr'>praepositurae</span> <span class='ocrx_word' id='word_1_300' title='bbox 1205 1455 1349 1485; x_wconf 83' lang='lat' dir='ltr'>monast.</span> <span class='ocrx_word' id='word_1_301' title='bbox 1378 1462 1404 1484; x_wconf 92' lang='lat' dir='ltr'>s.</span> <span class='ocrx_word' id='word_1_302' title='bbox 1425 1453 1518 1485; x_wconf 89' lang='lat' dir='ltr'>Petri</span> <span class='ocrx_word' id='word_1_303' title='bbox 1538 1454 1578 1485; x_wconf 88' lang='lat' dir='ltr'>de</span> <span class='ocrx_word' id='word_1_304' title='bbox 1603 1454 1768 1485; x_wconf 85' lang='lat' dir='ltr'>Avellana</span> <span class='ocrx_word' id='word_1_305' title='bbox 1796 1462 1855 1494; x_wconf 88' lang='lat' dir='ltr'>per</span> <span class='ocrx_word' id='word_1_306' title='bbox 1870 1463 1972 1494; x_wconf 85' lang='lat' dir='ltr'>praep.</span> <span class='ocrx_word' id='word_1_307' title='bbox 1992 1454 2084 1486; x_wconf 93' lang='lat' dir='ltr'>soliti</span> <span class='ocrx_word' id='word_1_308' title='bbox 2110 1454 2202 1494; x_wconf 79' lang='lat' dir='ltr'>gub..</span> 
     </span>
     <span class='ocr_line' id='line_1_41' title="bbox 608 1498 2204 1547; baseline -0.003 -4"><span class='ocrx_word' id='word_1_309' title='bbox 608 1511 647 1543; x_wconf 94' lang='lat' dir='ltr'>O.</span> <span class='ocrx_word' id='word_1_310' title='bbox 664 1510 697 1542; x_wconf 87' lang='lat' dir='ltr'>S.</span> <span class='ocrx_word' id='word_1_311' title='bbox 715 1511 766 1547; x_wconf 89' lang='lat' dir='ltr'>B.,</span> <span class='ocrx_word' id='word_1_312' title='bbox 777 1509 973 1541; x_wconf 90' lang='lat' dir='ltr'>Treventin.</span> <span class='ocrx_word' id='word_1_313' title='bbox 986 1508 1033 1543; x_wconf 92' lang='lat' dir='ltr'>di,</span> <span class='ocrx_word' id='word_1_314' title='bbox 1051 1508 1094 1538; x_wconf 84' lang='lat' dir='ltr'>ad</span> <span class='ocrx_word' id='word_1_315' title='bbox 1109 1508 1254 1538; x_wconf 81' lang='lat' dir='ltr'>monast.</span> <span class='ocrx_word' id='word_1_316' title='bbox 1275 1507 1428 1546; x_wconf 88' lang='lat' dir='ltr'>ejusdem</span> <span class='ocrx_word' id='word_1_317' title='bbox 1443 1506 1514 1537; x_wconf 90' lang='lat' dir='ltr'>ord.</span> <span class='ocrx_word' id='word_1_318' title='bbox 1532 1507 1727 1538; x_wconf 81' lang='lat' dir='ltr'>immediate</span> <span class='ocrx_word' id='word_1_319' title='bbox 1738 1507 1933 1546; x_wconf 86' lang='lat' dir='ltr'>spectantis,</span> <span class='ocrx_word' id='word_1_320' title='bbox 1953 1509 1984 1538; x_wconf 88' lang='lat' dir='ltr'>et</span> <span class='ocrx_word' id='word_1_321' title='bbox 1995 1516 2055 1547; x_wconf 88' lang='lat' dir='ltr'>per</span> <span class='ocrx_word' id='word_1_322' title='bbox 2071 1498 2204 1547; x_wconf 79' lang='lat' dir='ltr'>promo-</span> 
     </span>
     <span class='ocr_line' id='line_1_42' title="bbox 607 1560 2203 1600; baseline -0.003 -5"><span class='ocrx_word' id='word_1_323' title='bbox 607 1564 736 1595; x_wconf 89' lang='lat' dir='ltr'>tionem</span> <span class='ocrx_word' id='word_1_324' title='bbox 752 1562 895 1595; x_wconf 84' lang='lat' dir='ltr'>Joannis</span> <span class='ocrx_word' id='word_1_325' title='bbox 911 1562 954 1592; x_wconf 88' lang='lat' dir='ltr'>ad</span> <span class='ocrx_word' id='word_1_326' title='bbox 969 1560 1140 1592; x_wconf 89' lang='lat' dir='ltr'>abbatiam</span> <span class='ocrx_word' id='word_1_327' title='bbox 1156 1561 1300 1591; x_wconf 87' lang='lat' dir='ltr'>monast.</span> <span class='ocrx_word' id='word_1_328' title='bbox 1320 1568 1348 1590; x_wconf 88' lang='lat' dir='ltr'>s.</span> <span class='ocrx_word' id='word_1_329' title='bbox 1364 1560 1510 1591; x_wconf 88' lang='lat' dir='ltr'>Modesti</span> <span class='ocrx_word' id='word_1_330' title='bbox 1522 1561 1767 1596; x_wconf 72' lang='lat' dir='ltr'>,Beneventan.‚</span> <span class='ocrx_word' id='word_1_331' title='bbox 1790 1560 1941 1600; x_wconf 85' lang='lat' dir='ltr'>praedicti</span> <span class='ocrx_word' id='word_1_332' title='bbox 1957 1560 2042 1599; x_wconf 64' lang='lat' dir='ltr'>ord„</span> <span class='ocrx_word' id='word_1_333' title='bbox 2064 1569 2124 1600; x_wconf 88' lang='lat' dir='ltr'>per</span> <span class='ocrx_word' id='word_1_334' title='bbox 2142 1561 2203 1591; x_wconf 92' lang='lat' dir='ltr'>Pa-</span> 
     </span>
     <span class='ocr_line' id='line_1_43' title="bbox 608 1613 2205 1657; baseline -0.003 -9"><span class='ocrx_word' id='word_1_335' title='bbox 608 1625 687 1657; x_wconf 85' lang='lat' dir='ltr'>pam</span> <span class='ocrx_word' id='word_1_336' title='bbox 704 1617 828 1648; x_wconf 86' lang='lat' dir='ltr'>factam</span> <span class='ocrx_word' id='word_1_337' title='bbox 844 1624 929 1651; x_wconf 64' lang='lat' dir='ltr'>vac„</span> <span class='ocrx_word' id='word_1_338' title='bbox 946 1614 1074 1646; x_wconf 90' lang='lat' dir='ltr'>consid.</span> <span class='ocrx_word' id='word_1_339' title='bbox 1089 1613 1230 1645; x_wconf 85' lang='lat' dir='ltr'>Roberti</span> <span class='ocrx_word' id='word_1_340' title='bbox 1242 1613 1331 1653; x_wconf 85' lang='lat' dir='ltr'>regis</span> <span class='ocrx_word' id='word_1_341' title='bbox 1345 1613 1471 1644; x_wconf 81' lang='lat' dir='ltr'>Siciliae</span> <span class='ocrx_word' id='word_1_342' title='bbox 1480 1623 1489 1649; x_wconf 86' lang='lat'>;</span> <span class='ocrx_word' id='word_1_343' title='bbox 1507 1622 1583 1644; x_wconf 83' lang='lat' dir='ltr'>curn</span> <span class='ocrx_word' id='word_1_344' title='bbox 1598 1613 1818 1645; x_wconf 85' lang='lat' dir='ltr'>translatione</span> <span class='ocrx_word' id='word_1_345' title='bbox 1833 1613 1914 1644; x_wconf 89' lang='lat' dir='ltr'>dicti</span> <span class='ocrx_word' id='word_1_346' title='bbox 1930 1613 2047 1645; x_wconf 88' lang='lat' dir='ltr'>Jacobi</span> <span class='ocrx_word' id='word_1_347' title='bbox 2058 1614 2098 1644; x_wconf 91' lang='lat' dir='ltr'>de</span> <span class='ocrx_word' id='word_1_348' title='bbox 2113 1622 2205 1644; x_wconf 86' lang='lat' dir='ltr'>mox-</span> 
     </span>
     <span class='ocr_line' id='line_1_44' title="bbox 610 1666 2206 1706; baseline -0.002 -5"><span class='ocrx_word' id='word_1_349' title='bbox 610 1671 699 1701; x_wconf 88' lang='lat' dir='ltr'>dicto</span> <span class='ocrx_word' id='word_1_350' title='bbox 719 1670 863 1701; x_wconf 88' lang='lat' dir='ltr'>monast.</span> <span class='ocrx_word' id='word_1_351' title='bbox 885 1668 919 1699; x_wconf 86' lang='lat' dir='ltr'>S.</span> <span class='ocrx_word' id='word_1_352' title='bbox 936 1668 980 1698; x_wconf 92' lang='grc' dir='ltr'>Μ.</span> <span class='ocrx_word' id='word_1_353' title='bbox 999 1667 1042 1698; x_wconf 87' lang='lat' dir='ltr'>ad</span> <span class='ocrx_word' id='word_1_354' title='bbox 1063 1667 1209 1698; x_wconf 89' lang='lat' dir='ltr'>monast.</span> <span class='ocrx_word' id='word_1_355' title='bbox 1229 1666 1406 1698; x_wconf 88' lang='lat' dir='ltr'>Cassinen.</span> <span class='ocrx_word' id='word_1_356' title='bbox 1425 1684 1463 1690; x_wconf 90' lang='lat'>—-</span> <span class='ocrx_word' id='word_1_357' title='bbox 1479 1667 1506 1697; x_wconf 91' lang='grc' dir='ltr'>Ι.</span> <span class='ocrx_word' id='word_1_358' title='bbox 1525 1675 1555 1697; x_wconf 87' lang='lat' dir='ltr'>e.</span> <span class='ocrx_word' id='word_1_359' title='bbox 1572 1675 1617 1697; x_wconf 91' lang='lat' dir='ltr'>m.</span> <span class='ocrx_word' id='word_1_360' title='bbox 1642 1666 1763 1698; x_wconf 89' lang='lat' dir='ltr'>Alben.</span> <span class='ocrx_word' id='word_1_361' title='bbox 1785 1667 1818 1698; x_wconf 89' lang='lat' dir='ltr'>et</span> <span class='ocrx_word' id='word_1_362' title='bbox 1842 1666 2022 1699; x_wconf 82' lang='lat' dir='ltr'>venefran.</span> <span class='ocrx_word' id='word_1_363' title='bbox 2048 1667 2147 1706; x_wconf 86' lang='lat' dir='ltr'>ep.is,</span> <span class='ocrx_word' id='word_1_364' title='bbox 2169 1675 2206 1698; x_wconf 83' lang='lat' dir='ltr'>ac</span> 
     </span>
     <span class='ocr_line' id='line_1_45' title="bbox 611 1719 1784 1760; baseline -0.005 -5"><span class='ocrx_word' id='word_1_365' title='bbox 611 1723 713 1755; x_wconf 91' lang='lat' dir='ltr'>Petro</span> <span class='ocrx_word' id='word_1_366' title='bbox 733 1723 773 1754; x_wconf 90' lang='lat' dir='ltr'>de</span> <span class='ocrx_word' id='word_1_367' title='bbox 792 1721 936 1757; x_wconf 90' lang='lat' dir='ltr'>Comite,</span> <span class='ocrx_word' id='word_1_368' title='bbox 953 1729 1025 1751; x_wconf 87' lang='lat' dir='ltr'>can.</span> <span class='ocrx_word' id='word_1_369' title='bbox 1045 1721 1186 1751; x_wconf 89' lang='lat' dir='ltr'>Remen.</span> <span class='ocrx_word' id='word_1_370' title='bbox 1200 1719 1251 1760; x_wconf 87' lang='lat' dir='ltr'>(A.</span> <span class='ocrx_word' id='word_1_371' title='bbox 1267 1721 1317 1755; x_wconf 79' lang='grc'>14,</span> <span class='ocrx_word' id='word_1_372' title='bbox 1333 1719 1357 1750; x_wconf 88' lang='lat' dir='ltr'>f.</span> <span class='ocrx_word' id='word_1_373' title='bbox 1379 1721 1436 1751; x_wconf 87' lang='grc'>166</span> <span class='ocrx_word' id='word_1_374' title='bbox 1452 1719 1483 1756; x_wconf 81' lang='lat' dir='ltr'>b;</span> <span class='ocrx_word' id='word_1_375' title='bbox 1506 1719 1540 1750; x_wconf 90' lang='lat' dir='ltr'>V.</span> <span class='ocrx_word' id='word_1_376' title='bbox 1562 1721 1612 1757; x_wconf 87' lang='lat'>71,</span> <span class='ocrx_word' id='word_1_377' title='bbox 1631 1728 1683 1759; x_wconf 89' lang='lat' dir='ltr'>ep.</span> <span class='ocrx_word' id='word_1_378' title='bbox 1699 1720 1784 1760; x_wconf 91' lang='grc'><strong>303.)</strong></span> 
     </span>
    </p>

    <p class='ocr_par' dir='ltr' id='par_1_20' title="bbox 612 1772 2205 1870">
     <span class='ocr_line' id='line_1_46' title="bbox 657 1772 2205 1813; baseline -0.001 -7"><span class='ocrx_word' id='word_1_379' title='bbox 657 1772 793 1806; x_wconf 83' lang='grc'>12469.</span> <span class='ocrx_word' id='word_1_380' title='bbox 812 1792 851 1797; x_wconf 90' lang='grc'><strong>-</strong></span> <span class='ocrx_word' id='word_1_381' title='bbox 864 1772 1128 1806; x_wconf 83' lang='lat' dir='ltr'>Testimoniales</span> <span class='ocrx_word' id='word_1_382' title='bbox 1139 1772 1404 1804; x_wconf 82' lang='lat' dir='ltr'>consecrationis</span> <span class='ocrx_word' id='word_1_383' title='bbox 1421 1773 1511 1803; x_wconf 84' lang='lat' dir='ltr'>Petro</span> <span class='ocrx_word' id='word_1_384' title='bbox 1529 1782 1598 1812; x_wconf 79' lang='lat' dir='ltr'>ep.o</span> <span class='ocrx_word' id='word_1_385' title='bbox 1615 1772 1772 1813; x_wconf 75' lang='lat' dir='ltr'>Anaqnin.</span> <span class='ocrx_word' id='word_1_386' title='bbox 1792 1772 1954 1813; x_wconf 89' lang='lat' dir='ltr'>impensae</span> <span class='ocrx_word' id='word_1_387' title='bbox 1968 1781 1987 1804; x_wconf 88' lang='lat' dir='ltr'>a</span> <span class='ocrx_word' id='word_1_388' title='bbox 2005 1773 2205 1813; x_wconf 86' lang='lat' dir='ltr'>Berengario</span> 
     </span>
     <span class='ocr_line' id='line_1_47' title="bbox 612 1825 1438 1870; baseline -0.006 -9"><span class='ocrx_word' id='word_1_389' title='bbox 612 1838 688 1870; x_wconf 76' lang='lat' dir='ltr'>epo</span> <span class='ocrx_word' id='word_1_390' title='bbox 705 1830 866 1860; x_wconf 91' lang='lat' dir='ltr'>Portuen.</span> <span class='ocrx_word' id='word_1_391' title='bbox 884 1827 936 1866; x_wconf 83' lang='grc' dir='ltr'>(Α.</span> <span class='ocrx_word' id='word_1_392' title='bbox 957 1828 1004 1863; x_wconf 80' lang='lat'>15,</span> <span class='ocrx_word' id='word_1_393' title='bbox 1022 1826 1046 1857; x_wconf 86' lang='lat' dir='ltr'>f.</span> <span class='ocrx_word' id='word_1_394' title='bbox 1061 1827 1101 1858; x_wconf 83' lang='grc'>84</span> <span class='ocrx_word' id='word_1_395' title='bbox 1116 1831 1144 1863; x_wconf 71' lang='lat'><strong>³,</strong></span> <span class='ocrx_word' id='word_1_396' title='bbox 1167 1825 1202 1857; x_wconf 93' lang='lat' dir='ltr'>V.</span> <span class='ocrx_word' id='word_1_397' title='bbox 1219 1827 1268 1862; x_wconf 88' lang='lat'>71,</span> <span class='ocrx_word' id='word_1_398' title='bbox 1281 1834 1334 1865; x_wconf 90' lang='lat' dir='ltr'>ep.</span> <span class='ocrx_word' id='word_1_399' title='bbox 1350 1826 1438 1864; x_wconf 88' lang='grc'><strong>636.)</strong></span> 
     </span>
    </p>

    <p class='ocr_par' dir='ltr' id='par_1_21' title="bbox 613 1878 2211 2132">
     <span class='ocr_line' id='line_1_48' title="bbox 658 1878 2206 1919; baseline -0.001 -8"><span class='ocrx_word' id='word_1_400' title='bbox 658 1879 791 1911; x_wconf 81' lang='grc'>12470.</span> <span class='ocrx_word' id='word_1_401' title='bbox 806 1897 845 1903; x_wconf 92' lang='grc'>-</span> <span class='ocrx_word' id='word_1_402' title='bbox 859 1880 977 1912; x_wconf 83' lang='lat' dir='ltr'>Gratia</span> <span class='ocrx_word' id='word_1_403' title='bbox 989 1887 1086 1919; x_wconf 85' lang='lat' dir='ltr'>exsp.</span> <span class='ocrx_word' id='word_1_404' title='bbox 1104 1879 1287 1918; x_wconf 83' lang='lat' dir='ltr'>prioratus,</span> <span class='ocrx_word' id='word_1_405' title='bbox 1305 1879 1497 1910; x_wconf 83' lang='lat' dir='ltr'>administr.</span> <span class='ocrx_word' id='word_1_406' title='bbox 1517 1887 1577 1910; x_wconf 87' lang='lat' dir='ltr'>seu</span> <span class='ocrx_word' id='word_1_407' title='bbox 1594 1879 1648 1910; x_wconf 84' lang='lat' dir='ltr'>off.</span> <span class='ocrx_word' id='word_1_408' title='bbox 1666 1888 1694 1909; x_wconf 88' lang='lat' dir='ltr'>c.</span> <span class='ocrx_word' id='word_1_409' title='bbox 1711 1888 1739 1910; x_wconf 89' lang='lat' dir='ltr'>c.</span> <span class='ocrx_word' id='word_1_410' title='bbox 1755 1879 1808 1910; x_wconf 89' lang='lat' dir='ltr'>vel</span> <span class='ocrx_word' id='word_1_411' title='bbox 1825 1887 1854 1910; x_wconf 82' lang='lat' dir='ltr'>s,</span> <span class='ocrx_word' id='word_1_412' title='bbox 1870 1888 1898 1910; x_wconf 90' lang='lat' dir='ltr'>c.</span> <span class='ocrx_word' id='word_1_413' title='bbox 1914 1879 1999 1919; x_wconf 89' lang='lat'>(801.</span> <span class='ocrx_word' id='word_1_414' title='bbox 2017 1879 2055 1918; x_wconf 90' lang='lat' dir='ltr'>t.)</span> <span class='ocrx_word' id='word_1_415' title='bbox 2074 1879 2115 1910; x_wconf 89' lang='lat' dir='ltr'>ad</span> <span class='ocrx_word' id='word_1_416' title='bbox 2131 1878 2206 1910; x_wconf 86' lang='lat' dir='ltr'>abb.</span> 
     </span>
     <span class='ocr_line' id='line_1_49' title="bbox 613 1932 2207 1972; baseline -0.003 -5"><span class='ocrx_word' id='word_1_417' title='bbox 613 1937 645 1967; x_wconf 90' lang='lat' dir='ltr'>et</span> <span class='ocrx_word' id='word_1_418' title='bbox 661 1944 757 1967; x_wconf 91' lang='lat' dir='ltr'>conv.</span> <span class='ocrx_word' id='word_1_419' title='bbox 773 1935 917 1966; x_wconf 89' lang='lat' dir='ltr'>monast.</span> <span class='ocrx_word' id='word_1_420' title='bbox 939 1932 1168 1969; x_wconf 67' lang='lat' dir='ltr'>Aureliacen„</span> <span class='ocrx_word' id='word_1_421' title='bbox 1191 1932 1230 1964; x_wconf 90' lang='grc' dir='ltr'>Ο.</span> <span class='ocrx_word' id='word_1_422' title='bbox 1243 1932 1276 1964; x_wconf 87' lang='lat' dir='ltr'>S.</span> <span class='ocrx_word' id='word_1_423' title='bbox 1297 1933 1348 1969; x_wconf 71' lang='lat' dir='ltr'>B„</span> <span class='ocrx_word' id='word_1_424' title='bbox 1368 1941 1394 1963; x_wconf 93' lang='lat' dir='ltr'>s.</span> <span class='ocrx_word' id='word_1_425' title='bbox 1416 1932 1510 1963; x_wconf 87' lang='lat' dir='ltr'>Flori</span> <span class='ocrx_word' id='word_1_426' title='bbox 1523 1932 1583 1969; x_wconf 90' lang='lat' dir='ltr'>di.,</span> <span class='ocrx_word' id='word_1_427' title='bbox 1597 1932 1709 1963; x_wconf 87' lang='lat' dir='ltr'>collat.</span> <span class='ocrx_word' id='word_1_428' title='bbox 1726 1932 1862 1971; x_wconf 66' lang='lat' dir='ltr'>pertin„</span> <span class='ocrx_word' id='word_1_429' title='bbox 1877 1933 1910 1963; x_wconf 91' lang='lat' dir='ltr'>et</span> <span class='ocrx_word' id='word_1_430' title='bbox 1932 1932 2043 1972; x_wconf 90' lang='lat' dir='ltr'>ipsius</span> <span class='ocrx_word' id='word_1_431' title='bbox 2061 1932 2207 1963; x_wconf 86' lang='lat' dir='ltr'>monast.</span> 
     </span>
     <span class='ocr_line' id='line_1_50' title="bbox 613 1984 2211 2025; baseline -0.003 -5"><span class='ocrx_word' id='word_1_432' title='bbox 613 1997 704 2020; x_wconf 92' lang='lat' dir='ltr'>mon.</span> <span class='ocrx_word' id='word_1_433' title='bbox 719 1988 761 2019; x_wconf 87' lang='lat' dir='ltr'>ab</span> <span class='ocrx_word' id='word_1_434' title='bbox 775 1987 857 2019; x_wconf 93' lang='lat' dir='ltr'>olim</span> <span class='ocrx_word' id='word_1_435' title='bbox 871 1986 1037 2025; x_wconf 80' lang='lat' dir='ltr'>assignari</span> <span class='ocrx_word' id='word_1_436' title='bbox 1050 1985 1213 2022; x_wconf 86' lang='lat' dir='ltr'>consueti,</span> <span class='ocrx_word' id='word_1_437' title='bbox 1232 1984 1365 2016; x_wconf 85' lang='lat' dir='ltr'>Geraldo</span> <span class='ocrx_word' id='word_1_438' title='bbox 1378 1985 1414 2015; x_wconf 83' lang='lat' dir='ltr'>de</span> <span class='ocrx_word' id='word_1_439' title='bbox 1431 1985 1538 2022; x_wconf 81' lang='lat' dir='ltr'>Turre,</span> <span class='ocrx_word' id='word_1_440' title='bbox 1558 1985 1666 2025; x_wconf 90' lang='lat' dir='ltr'>ejusd.</span> <span class='ocrx_word' id='word_1_441' title='bbox 1685 1986 1830 2016; x_wconf 84' lang='lat' dir='ltr'>monast.</span> <span class='ocrx_word' id='word_1_442' title='bbox 1847 1994 1938 2016; x_wconf 92' lang='lat' dir='ltr'>mon.</span> <span class='ocrx_word' id='word_1_443' title='bbox 1949 2003 1987 2008; x_wconf 91' lang='lat'><em>—</em></span> <span class='ocrx_word' id='word_1_444' title='bbox 2001 1985 2027 2017; x_wconf 93' lang='lat' dir='ltr'>I.</span> <span class='ocrx_word' id='word_1_445' title='bbox 2046 1994 2074 2016; x_wconf 91' lang='lat' dir='ltr'>e.</span> <span class='ocrx_word' id='word_1_446' title='bbox 2091 1994 2135 2016; x_wconf 90' lang='lat' dir='ltr'>m.</span> <span class='ocrx_word' id='word_1_447' title='bbox 2153 1985 2211 2016; x_wconf 84' lang='lat' dir='ltr'>Al-</span> 
     </span>
     <span class='ocr_line' id='line_1_51' title="bbox 613 2038 2210 2078; baseline -0.003 -5"><span class='ocrx_word' id='word_1_448' title='bbox 613 2041 752 2073; x_wconf 89' lang='lat' dir='ltr'>deberto</span> <span class='ocrx_word' id='word_1_449' title='bbox 765 2041 805 2072; x_wconf 90' lang='lat' dir='ltr'>de</span> <span class='ocrx_word' id='word_1_450' title='bbox 828 2039 1021 2076; x_wconf 83' lang='lat' dir='ltr'>Petraforti,</span> <span class='ocrx_word' id='word_1_451' title='bbox 1039 2038 1243 2075; x_wconf 88' lang='lat' dir='ltr'>Ruthenen.,</span> <span class='ocrx_word' id='word_1_452' title='bbox 1261 2039 1294 2069; x_wconf 89' lang='lat' dir='ltr'>et</span> <span class='ocrx_word' id='word_1_453' title='bbox 1310 2038 1446 2078; x_wconf 86' lang='lat' dir='ltr'>Hugoni</span> <span class='ocrx_word' id='word_1_454' title='bbox 1468 2038 1509 2069; x_wconf 86' lang='lat' dir='ltr'>de</span> <span class='ocrx_word' id='word_1_455' title='bbox 1525 2038 1735 2077; x_wconf 80' lang='lat' dir='ltr'>Engolisma,</span> <span class='ocrx_word' id='word_1_456' title='bbox 1756 2038 2019 2075; x_wconf 84' lang='lat' dir='ltr'>Claromonten.‚</span> <span class='ocrx_word' id='word_1_457' title='bbox 2036 2047 2073 2069; x_wconf 87' lang='lat' dir='ltr'>ac</span> <span class='ocrx_word' id='word_1_458' title='bbox 2088 2038 2210 2069; x_wconf 90' lang='lat' dir='ltr'>Joanni</span> 
     </span>
     <span class='ocr_line' id='line_1_52' title="bbox 614 2090 1919 2132; baseline -0.004 -6"><span class='ocrx_word' id='word_1_459' title='bbox 614 2096 655 2127; x_wconf 91' lang='lat' dir='ltr'>de</span> <span class='ocrx_word' id='word_1_460' title='bbox 670 2093 888 2131; x_wconf 85' lang='lat' dir='ltr'>Viridisicco‚</span> <span class='ocrx_word' id='word_1_461' title='bbox 905 2092 1117 2132; x_wconf 86' lang='lat' dir='ltr'>Magalonen.</span> <span class='ocrx_word' id='word_1_462' title='bbox 1135 2091 1217 2122; x_wconf 89' lang='lat' dir='ltr'>eccl.</span> <span class='ocrx_word' id='word_1_463' title='bbox 1235 2100 1308 2122; x_wconf 85' lang='lat' dir='ltr'>can.</span> <span class='ocrx_word' id='word_1_464' title='bbox 1323 2091 1376 2131; x_wconf 84' lang='lat' dir='ltr'>(A.</span> <span class='ocrx_word' id='word_1_465' title='bbox 1395 2093 1444 2128; x_wconf 85' lang='lat'>15,</span> <span class='ocrx_word' id='word_1_466' title='bbox 1459 2091 1483 2122; x_wconf 88' lang='lat' dir='ltr'>f.</span> <span class='ocrx_word' id='word_1_467' title='bbox 1502 2093 1561 2122; x_wconf 78' lang='lat'>252</span> <span class='ocrx_word' id='word_1_468' title='bbox 1576 2097 1604 2127; x_wconf 57' lang='grc' dir='ltr'>ἃ,</span> <span class='ocrx_word' id='word_1_469' title='bbox 1630 2090 1663 2122; x_wconf 90' lang='lat' dir='ltr'>V.</span> <span class='ocrx_word' id='word_1_470' title='bbox 1681 2093 1730 2129; x_wconf 82' lang='grc'>72,</span> <span class='ocrx_word' id='word_1_471' title='bbox 1748 2100 1800 2131; x_wconf 88' lang='lat' dir='ltr'>ep.</span> <span class='ocrx_word' id='word_1_472' title='bbox 1814 2091 1919 2132; x_wconf 82' lang='lat'>1120.)</span> 
     </span>
    </p>

    <p class='ocr_par' dir='ltr' id='par_1_22' title="bbox 615 2144 2214 2295">
     <span class='ocr_line' id='line_1_53' title="bbox 662 2144 2214 2183; baseline -0.001 -6"><span class='ocrx_word' id='word_1_473' title='bbox 662 2144 795 2177; x_wconf 85' lang='grc'>12471.</span> <span class='ocrx_word' id='word_1_474' title='bbox 812 2164 852 2169; x_wconf 91' lang='grc'>-</span> <span class='ocrx_word' id='word_1_475' title='bbox 871 2146 1048 2178; x_wconf 88' lang='lat' dir='ltr'>Prioratus</span> <span class='ocrx_word' id='word_1_476' title='bbox 1070 2145 1111 2176; x_wconf 88' lang='lat' dir='ltr'>de</span> <span class='ocrx_word' id='word_1_477' title='bbox 1132 2144 1362 2180; x_wconf 86' lang='lat' dir='ltr'>Marcilhiaco,</span> <span class='ocrx_word' id='word_1_478' title='bbox 1389 2145 1428 2176; x_wconf 92' lang='grc' dir='ltr'>Ο.</span> <span class='ocrx_word' id='word_1_479' title='bbox 1459 2145 1493 2176; x_wconf 88' lang='lat' dir='ltr'>S.</span> <span class='ocrx_word' id='word_1_480' title='bbox 1518 2146 1567 2182; x_wconf 65' lang='lat' dir='ltr'>B„</span> <span class='ocrx_word' id='word_1_481' title='bbox 1595 2144 1785 2176; x_wconf 87' lang='lat' dir='ltr'>Ruthenen.</span> <span class='ocrx_word' id='word_1_482' title='bbox 1808 2145 1868 2183; x_wconf 88' lang='lat' dir='ltr'>di.,</span> <span class='ocrx_word' id='word_1_483' title='bbox 1893 2145 1935 2176; x_wconf 91' lang='lat' dir='ltr'>ad</span> <span class='ocrx_word' id='word_1_484' title='bbox 1958 2146 2103 2176; x_wconf 87' lang='lat' dir='ltr'>monast.</span> <span class='ocrx_word' id='word_1_485' title='bbox 2128 2145 2214 2176; x_wconf 91' lang='lat' dir='ltr'>Con-</span> 
     </span>
     <span class='ocr_line' id='line_1_54' title="bbox 615 2197 2211 2237; baseline -0.003 -5"><span class='ocrx_word' id='word_1_486' title='bbox 615 2201 723 2237; x_wconf 66' lang='lat' dir='ltr'>chen„</span> <span class='ocrx_word' id='word_1_487' title='bbox 749 2199 903 2232; x_wconf 87' lang='lat' dir='ltr'>eorumd.</span> <span class='ocrx_word' id='word_1_488' title='bbox 931 2198 1003 2230; x_wconf 89' lang='lat' dir='ltr'>ord.</span> <span class='ocrx_word' id='word_1_489' title='bbox 1035 2199 1068 2230; x_wconf 90' lang='lat' dir='ltr'>et</span> <span class='ocrx_word' id='word_1_490' title='bbox 1097 2197 1155 2235; x_wconf 88' lang='lat' dir='ltr'>di.,</span> <span class='ocrx_word' id='word_1_491' title='bbox 1190 2197 1325 2237; x_wconf 64' lang='lat' dir='ltr'>pertin„</span> <span class='ocrx_word' id='word_1_492' title='bbox 1354 2198 1471 2228; x_wconf 82' lang='lat' dir='ltr'>unitur</span> <span class='ocrx_word' id='word_1_493' title='bbox 1505 2197 1617 2229; x_wconf 86' lang='lat' dir='ltr'>officio</span> <span class='ocrx_word' id='word_1_494' title='bbox 1642 2197 1826 2229; x_wconf 83' lang='lat' dir='ltr'>cellerariae</span> <span class='ocrx_word' id='word_1_495' title='bbox 1862 2198 1968 2237; x_wconf 83' lang='lat' dir='ltr'>ejusd.</span> <span class='ocrx_word' id='word_1_496' title='bbox 2002 2197 2211 2229; x_wconf 88' lang='lat' dir='ltr'>monasterii.</span> 
     </span>
     <span class='ocr_line' id='line_1_55' title="bbox 616 2252 1221 2295; baseline -0.008 -9"><span class='ocrx_word' id='word_1_497' title='bbox 616 2255 670 2295; x_wconf 86' lang='lat' dir='ltr'>(A.</span> <span class='ocrx_word' id='word_1_498' title='bbox 687 2255 735 2289; x_wconf 87' lang='lat'>15,</span> <span class='ocrx_word' id='word_1_499' title='bbox 749 2253 772 2284; x_wconf 86' lang='lat' dir='ltr'>f.</span> <span class='ocrx_word' id='word_1_500' title='bbox 790 2254 849 2285; x_wconf 84' lang='lat'><strong>158</strong></span> <span class='ocrx_word' id='word_1_501' title='bbox 862 2258 896 2288; x_wconf 64' lang='grc' dir='ltr'>ει;</span> <span class='ocrx_word' id='word_1_502' title='bbox 917 2252 952 2284; x_wconf 91' lang='lat' dir='ltr'>V.</span> <span class='ocrx_word' id='word_1_503' title='bbox 975 2253 1025 2288; x_wconf 79' lang='lat'>72,</span> <span class='ocrx_word' id='word_1_504' title='bbox 1049 2259 1102 2291; x_wconf 89' lang='lat' dir='ltr'>ep.</span> <span class='ocrx_word' id='word_1_505' title='bbox 1116 2252 1221 2290; x_wconf 75' lang='lat'>1123.)</span> 
     </span>
    </p>

    <p class='ocr_par' dir='ltr' id='par_1_23' title="bbox 617 2303 2214 2453">
     <span class='ocr_line' id='line_1_56' title="bbox 663 2303 2213 2346; baseline -0.001 -10"><span class='ocrx_word' id='word_1_506' title='bbox 663 2303 797 2336; x_wconf 82' lang='grc'>12472.</span> <span class='ocrx_word' id='word_1_507' title='bbox 814 2324 853 2329; x_wconf 87' lang='lat'>—-</span> <span class='ocrx_word' id='word_1_508' title='bbox 870 2305 957 2346; x_wconf 85' lang='lat' dir='ltr'>Ep.o</span> <span class='ocrx_word' id='word_1_509' title='bbox 981 2304 1105 2335; x_wconf 84' lang='lat' dir='ltr'>Vabren.</span> <span class='ocrx_word' id='word_1_510' title='bbox 1123 2304 1236 2335; x_wconf 90' lang='lat' dir='ltr'>mand.</span> <span class='ocrx_word' id='word_1_511' title='bbox 1254 2305 1292 2335; x_wconf 92' lang='lat' dir='ltr'>ut</span> <span class='ocrx_word' id='word_1_512' title='bbox 1310 2304 1492 2343; x_wconf 88' lang='lat' dir='ltr'>compellat</span> <span class='ocrx_word' id='word_1_513' title='bbox 1506 2304 1689 2335; x_wconf 90' lang='lat' dir='ltr'>nonnullos</span> <span class='ocrx_word' id='word_1_514' title='bbox 1703 2304 1835 2343; x_wconf 76' lang='lat' dir='ltr'>pr10res</span> <span class='ocrx_word' id='word_1_515' title='bbox 1852 2305 1885 2335; x_wconf 90' lang='lat' dir='ltr'>et</span> <span class='ocrx_word' id='word_1_516' title='bbox 1899 2303 1984 2334; x_wconf 84' lang='lat' dir='ltr'>alias</span> <span class='ocrx_word' id='word_1_517' title='bbox 2001 2312 2164 2342; x_wconf 88' lang='lat' dir='ltr'>personas</span> <span class='ocrx_word' id='word_1_518' title='bbox 2177 2304 2213 2334; x_wconf 93' lang='lat' dir='ltr'>ut</span> 
     </span>
     <span class='ocr_line' id='line_1_57' title="bbox 617 2357 2214 2395; baseline -0.004 -3"><span class='ocrx_word' id='word_1_519' title='bbox 617 2360 732 2392; x_wconf 89' lang='lat' dir='ltr'>abbati</span> <span class='ocrx_word' id='word_1_520' title='bbox 751 2361 784 2391; x_wconf 89' lang='lat' dir='ltr'>et</span> <span class='ocrx_word' id='word_1_521' title='bbox 799 2368 895 2391; x_wconf 87' lang='lat' dir='ltr'>conv.</span> <span class='ocrx_word' id='word_1_522' title='bbox 915 2359 1059 2390; x_wconf 81' lang='lat' dir='ltr'>monast.</span> <span class='ocrx_word' id='word_1_523' title='bbox 1077 2357 1257 2395; x_wconf 65' lang='lat' dir='ltr'>Conchen„</span> <span class='ocrx_word' id='word_1_524' title='bbox 1276 2357 1314 2389; x_wconf 91' lang='grc' dir='ltr'>Ο.</span> <span class='ocrx_word' id='word_1_525' title='bbox 1339 2357 1372 2388; x_wconf 88' lang='lat' dir='ltr'>S.</span> <span class='ocrx_word' id='word_1_526' title='bbox 1389 2358 1440 2394; x_wconf 90' lang='lat' dir='ltr'>B.‚</span> <span class='ocrx_word' id='word_1_527' title='bbox 1459 2357 1605 2388; x_wconf 84' lang='lat' dir='ltr'>Ruthen.</span> <span class='ocrx_word' id='word_1_528' title='bbox 1633 2357 1692 2394; x_wconf 83' lang='lat' dir='ltr'>di.,</span> <span class='ocrx_word' id='word_1_529' title='bbox 1720 2357 1852 2388; x_wconf 88' lang='lat' dir='ltr'>solvant</span> <span class='ocrx_word' id='word_1_530' title='bbox 1866 2358 1974 2387; x_wconf 84' lang='lat' dir='ltr'>certas</span> <span class='ocrx_word' id='word_1_531' title='bbox 1991 2365 2121 2387; x_wconf 85' lang='lat' dir='ltr'>annuas</span> <span class='ocrx_word' id='word_1_532' title='bbox 2136 2364 2214 2395; x_wconf 89' lang='lat' dir='ltr'>pen-</span> 
     </span>
     <span class='ocr_line' id='line_1_58' title="bbox 618 2409 1670 2453; baseline -0.004 -8"><span class='ocrx_word' id='word_1_533' title='bbox 618 2414 733 2446; x_wconf 85' lang='lat' dir='ltr'>siones</span> <span class='ocrx_word' id='word_1_534' title='bbox 748 2412 790 2444; x_wconf 94' lang='lat' dir='ltr'>ab</span> <span class='ocrx_word' id='word_1_535' title='bbox 805 2412 894 2453; x_wconf 85' lang='lat' dir='ltr'>ipsis</span> <span class='ocrx_word' id='word_1_536' title='bbox 909 2411 1053 2443; x_wconf 86' lang='lat' dir='ltr'>debitas.</span> <span class='ocrx_word' id='word_1_537' title='bbox 1065 2411 1118 2451; x_wconf 78' lang='lat' dir='ltr'>(A.</span> <span class='ocrx_word' id='word_1_538' title='bbox 1143 2412 1193 2445; x_wconf 88' lang='grc'>15,</span> <span class='ocrx_word' id='word_1_539' title='bbox 1212 2410 1235 2441; x_wconf 85' lang='lat' dir='ltr'>f.</span> <span class='ocrx_word' id='word_1_540' title='bbox 1255 2412 1312 2442; x_wconf 75' lang='lat'><strong>341</strong></span> <span class='ocrx_word' id='word_1_541' title='bbox 1329 2415 1357 2446; x_wconf 71' lang='lat'><strong>³,-</strong></span> <span class='ocrx_word' id='word_1_542' title='bbox 1384 2409 1415 2440; x_wconf 89' lang='lat' dir='ltr'>V.</span> <span class='ocrx_word' id='word_1_543' title='bbox 1431 2411 1480 2445; x_wconf 73' lang='lat'><strong>72,</strong></span> <span class='ocrx_word' id='word_1_544' title='bbox 1497 2418 1549 2449; x_wconf 90' lang='lat' dir='ltr'>ep.</span> <span class='ocrx_word' id='word_1_545' title='bbox 1567 2411 1670 2448; x_wconf 89' lang='lat'>1135.)</span> 
     </span>
    </p>

    <p class='ocr_par' dir='ltr' id='par_1_24' title="bbox 618 2460 2216 2930">
     <span class='ocr_line' id='line_1_59' title="bbox 663 2460 2213 2506; baseline -0.003 -10"><span class='ocrx_word' id='word_1_546' title='bbox 663 2463 797 2496; x_wconf 86' lang='grc'>12473.</span> <span class='ocrx_word' id='word_1_547' title='bbox 822 2483 853 2488; x_wconf 90' lang='lat'>-—</span> <span class='ocrx_word' id='word_1_548' title='bbox 869 2464 1020 2506; x_wconf 76' lang='lat' dir='ltr'>Archipr.</span> <span class='ocrx_word' id='word_1_549' title='bbox 1036 2464 1107 2495; x_wconf 87' lang='lat' dir='ltr'>eccl.</span> <span class='ocrx_word' id='word_1_550' title='bbox 1127 2474 1151 2494; x_wconf 84' lang='lat' dir='ltr'>s.</span> <span class='ocrx_word' id='word_1_551' title='bbox 1171 2463 1299 2494; x_wconf 78' lang='lat' dir='ltr'>Martini</span> <span class='ocrx_word' id='word_1_552' title='bbox 1312 2463 1346 2493; x_wconf 82' lang='lat' dir='ltr'>in</span> <span class='ocrx_word' id='word_1_553' title='bbox 1357 2463 1477 2499; x_wconf 77' lang='lat' dir='ltr'>Strata,</span> <span class='ocrx_word' id='word_1_554' title='bbox 1495 2463 1646 2494; x_wconf 85' lang='lat' dir='ltr'>Lauden.</span> <span class='ocrx_word' id='word_1_555' title='bbox 1663 2462 1722 2499; x_wconf 90' lang='lat' dir='ltr'>di.,</span> <span class='ocrx_word' id='word_1_556' title='bbox 1741 2462 1852 2493; x_wconf 88' lang='lat' dir='ltr'>mand.</span> <span class='ocrx_word' id='word_1_557' title='bbox 1868 2463 1904 2493; x_wconf 90' lang='lat' dir='ltr'>ut</span> <span class='ocrx_word' id='word_1_558' title='bbox 1920 2470 2037 2492; x_wconf 89' lang='lat' dir='ltr'>canon.</span> <span class='ocrx_word' id='word_1_559' title='bbox 2055 2462 2087 2492; x_wconf 89' lang='lat' dir='ltr'>et</span> <span class='ocrx_word' id='word_1_560' title='bbox 2110 2460 2213 2500; x_wconf 89' lang='lat' dir='ltr'>praeb.</span> 
     </span>
     <span class='ocr_line' id='line_1_60' title="bbox 619 2514 2214 2558; baseline -0.004 -6"><span class='ocrx_word' id='word_1_561' title='bbox 619 2519 866 2552; x_wconf 86' lang='lat' dir='ltr'>sacerdotalem</span> <span class='ocrx_word' id='word_1_562' title='bbox 877 2518 957 2550; x_wconf 86' lang='lat' dir='ltr'>eccl.</span> <span class='ocrx_word' id='word_1_563' title='bbox 978 2518 1191 2558; x_wconf 67' lang='lat' dir='ltr'>Pergamen„</span> <span class='ocrx_word' id='word_1_564' title='bbox 1209 2526 1262 2556; x_wconf 87' lang='lat' dir='ltr'>ap.</span> <span class='ocrx_word' id='word_1_565' title='bbox 1280 2517 1314 2548; x_wconf 90' lang='lat' dir='ltr'>S.</span> <span class='ocrx_word' id='word_1_566' title='bbox 1329 2517 1369 2547; x_wconf 93' lang='grc' dir='ltr'>Α.</span> <span class='ocrx_word' id='word_1_567' title='bbox 1385 2525 1456 2547; x_wconf 85' lang='lat' dir='ltr'>vac.</span> <span class='ocrx_word' id='word_1_568' title='bbox 1474 2525 1517 2547; x_wconf 83' lang='lat' dir='ltr'>ex</span> <span class='ocrx_word' id='word_1_569' title='bbox 1533 2524 1571 2547; x_wconf 89' lang='lat' dir='ltr'>eo</span> <span class='ocrx_word' id='word_1_570' title='bbox 1589 2515 1680 2555; x_wconf 84' lang='lat' dir='ltr'>quod</span> <span class='ocrx_word' id='word_1_571' title='bbox 1694 2515 1898 2555; x_wconf 82' lang='lat' dir='ltr'>Adhigerius</span> <span class='ocrx_word' id='word_1_572' title='bbox 1913 2514 2024 2545; x_wconf 86' lang='lat' dir='ltr'>dictus</span> <span class='ocrx_word' id='word_1_573' title='bbox 2038 2514 2078 2545; x_wconf 87' lang='lat' dir='ltr'>de</span> <span class='ocrx_word' id='word_1_574' title='bbox 2096 2515 2214 2545; x_wconf 82' lang='lat' dir='ltr'>Parma</span> 
     </span>
     <span class='ocr_line' id='line_1_61' title="bbox 619 2566 2215 2609; baseline -0.004 -5"><span class='ocrx_word' id='word_1_575' title='bbox 619 2572 817 2605; x_wconf 88' lang='lat' dir='ltr'>enormibus</span> <span class='ocrx_word' id='word_1_576' title='bbox 833 2571 1033 2603; x_wconf 83' lang='lat' dir='ltr'>excessibus</span> <span class='ocrx_word' id='word_1_577' title='bbox 1052 2570 1238 2602; x_wconf 82' lang='lat' dir='ltr'>infamatus</span> <span class='ocrx_word' id='word_1_578' title='bbox 1254 2571 1286 2600; x_wconf 85' lang='lat' dir='ltr'>et</span> <span class='ocrx_word' id='word_1_579' title='bbox 1307 2569 1397 2609; x_wconf 83' lang='lat' dir='ltr'>apud</span> <span class='ocrx_word' id='word_1_580' title='bbox 1416 2569 1524 2600; x_wconf 89' lang='lat' dir='ltr'>eamd.</span> <span class='ocrx_word' id='word_1_581' title='bbox 1553 2569 1668 2599; x_wconf 86' lang='lat' dir='ltr'>sedem</span> <span class='ocrx_word' id='word_1_582' title='bbox 1696 2567 1855 2599; x_wconf 84' lang='lat' dir='ltr'>carcerali</span> <span class='ocrx_word' id='word_1_583' title='bbox 1877 2567 2031 2598; x_wconf 82' lang='lat' dir='ltr'>custodia</span> <span class='ocrx_word' id='word_1_584' title='bbox 2047 2566 2215 2606; x_wconf 87' lang='lat' dir='ltr'>mancipa—</span> 
     </span>
     <span class='ocr_line' id='line_1_62' title="bbox 618 2619 2213 2664; baseline -0.005 -6"><span class='ocrx_word' id='word_1_585' title='bbox 618 2627 686 2664; x_wconf 88' lang='lat' dir='ltr'>tus,</span> <span class='ocrx_word' id='word_1_586' title='bbox 703 2626 811 2657; x_wconf 86' lang='lat' dir='ltr'>fracto</span> <span class='ocrx_word' id='word_1_587' title='bbox 829 2633 974 2662; x_wconf 85' lang='lat' dir='ltr'>carcere,</span> <span class='ocrx_word' id='word_1_588' title='bbox 989 2632 1055 2655; x_wconf 91' lang='lat' dir='ltr'>non</span> <span class='ocrx_word' id='word_1_589' title='bbox 1074 2623 1181 2663; x_wconf 85' lang='lat' dir='ltr'>petita</span> <span class='ocrx_word' id='word_1_590' title='bbox 1206 2622 1345 2654; x_wconf 80' lang='lat' dir='ltr'>lieentia</span> <span class='ocrx_word' id='word_1_591' title='bbox 1360 2630 1420 2653; x_wconf 86' lang='lat' dir='ltr'>nec</span> <span class='ocrx_word' id='word_1_592' title='bbox 1437 2621 1584 2657; x_wconf 87' lang='lat' dir='ltr'>obtenta,</span> <span class='ocrx_word' id='word_1_593' title='bbox 1606 2621 1646 2651; x_wconf 86' lang='lat' dir='ltr'>de</span> <span class='ocrx_word' id='word_1_594' title='bbox 1674 2621 1828 2652; x_wconf 88' lang='lat' dir='ltr'>Romana</span> <span class='ocrx_word' id='word_1_595' title='bbox 1843 2620 1937 2651; x_wconf 84' lang='lat' dir='ltr'>curia</span> <span class='ocrx_word' id='word_1_596' title='bbox 1952 2628 1988 2651; x_wconf 84' lang='lat' dir='ltr'>se</span> <span class='ocrx_word' id='word_1_597' title='bbox 2011 2619 2213 2658; x_wconf 84' lang='lat' dir='ltr'>absentavit,</span> 
     </span>
     <span class='ocr_line' id='line_1_63' title="bbox 619 2673 2214 2716; baseline -0.004 -5"><span class='ocrx_word' id='word_1_598' title='bbox 619 2679 770 2711; x_wconf 86' lang='lat' dir='ltr'>conferat</span> <span class='ocrx_word' id='word_1_599' title='bbox 785 2677 963 2709; x_wconf 87' lang='lat' dir='ltr'>Albertino</span> <span class='ocrx_word' id='word_1_600' title='bbox 974 2677 1047 2708; x_wconf 83' lang='lat' dir='ltr'>filio</span> <span class='ocrx_word' id='word_1_601' title='bbox 1062 2676 1186 2716; x_wconf 87' lang='lat' dir='ltr'>quond.</span> <span class='ocrx_word' id='word_1_602' title='bbox 1199 2676 1219 2706; x_wconf 87' lang='lat' dir='ltr'><strong>J</strong></span> <span class='ocrx_word' id='word_1_603' title='bbox 1222 2675 1342 2707; x_wconf 89' lang='lat' dir='ltr'>oannis</span> <span class='ocrx_word' id='word_1_604' title='bbox 1360 2675 1400 2706; x_wconf 93' lang='lat' dir='ltr'>de</span> <span class='ocrx_word' id='word_1_605' title='bbox 1418 2674 1587 2706; x_wconf 85' lang='lat' dir='ltr'>Ferrariis</span> <span class='ocrx_word' id='word_1_606' title='bbox 1604 2674 1644 2704; x_wconf 90' lang='lat' dir='ltr'>de</span> <span class='ocrx_word' id='word_1_607' title='bbox 1660 2673 1811 2704; x_wconf 86' lang='lat' dir='ltr'>Primolo</span> <span class='ocrx_word' id='word_1_608' title='bbox 1827 2673 1906 2704; x_wconf 89' lang='lat' dir='ltr'>cler.</span> <span class='ocrx_word' id='word_1_609' title='bbox 1921 2673 2131 2712; x_wconf 65' lang='lat' dir='ltr'>Pergamon„</span> <span class='ocrx_word' id='word_1_610' title='bbox 2145 2681 2214 2704; x_wconf 87' lang='lat' dir='ltr'>cas-</span> 
     </span>
     <span class='ocr_line' id='line_1_64' title="bbox 620 2725 2215 2772; baseline -0.006 -8"><span class='ocrx_word' id='word_1_611' title='bbox 620 2733 694 2764; x_wconf 87' lang='lat' dir='ltr'>sata</span> <span class='ocrx_word' id='word_1_612' title='bbox 706 2730 954 2772; x_wconf 81' lang='lat' dir='ltr'>permutatione</span> <span class='ocrx_word' id='word_1_613' title='bbox 971 2730 1061 2761; x_wconf 90' lang='lat' dir='ltr'>inter</span> <span class='ocrx_word' id='word_1_614' title='bbox 1078 2729 1188 2760; x_wconf 89' lang='lat' dir='ltr'>eumd.</span> <span class='ocrx_word' id='word_1_615' title='bbox 1206 2727 1429 2767; x_wconf 85' lang='lat' dir='ltr'>Adhigerium</span> <span class='ocrx_word' id='word_1_616' title='bbox 1444 2728 1477 2758; x_wconf 86' lang='lat' dir='ltr'>et</span> <span class='ocrx_word' id='word_1_617' title='bbox 1493 2726 1671 2758; x_wconf 87' lang='lat' dir='ltr'>Albertum</span> <span class='ocrx_word' id='word_1_618' title='bbox 1689 2726 1729 2757; x_wconf 89' lang='lat' dir='ltr'>de</span> <span class='ocrx_word' id='word_1_619' title='bbox 1746 2725 1913 2757; x_wconf 87' lang='lat' dir='ltr'>Razanico</span> <span class='ocrx_word' id='word_1_620' title='bbox 1933 2726 2051 2765; x_wconf 84' lang='lat' dir='ltr'>postea</span> <span class='ocrx_word' id='word_1_621' title='bbox 2072 2725 2159 2756; x_wconf 82' lang='lat' dir='ltr'>facta</span> <span class='ocrx_word' id='word_1_622' title='bbox 2175 2725 2215 2757; x_wconf 87' lang='lat' dir='ltr'>de</span> 
     </span>
     <span class='ocr_line' id='line_1_65' title="bbox 621 2777 2216 2822; baseline -0.004 -6"><span class='ocrx_word' id='word_1_623' title='bbox 621 2784 721 2816; x_wconf 86' lang='lat' dir='ltr'>dictis</span> <span class='ocrx_word' id='word_1_624' title='bbox 736 2792 854 2815; x_wconf 88' lang='lat' dir='ltr'>canon.</span> <span class='ocrx_word' id='word_1_625' title='bbox 868 2783 902 2814; x_wconf 84' lang='lat' dir='ltr'>et</span> <span class='ocrx_word' id='word_1_626' title='bbox 919 2782 1022 2822; x_wconf 81' lang='lat' dir='ltr'>praeb.</span> <span class='ocrx_word' id='word_1_627' title='bbox 1039 2791 1115 2813; x_wconf 89' lang='lat' dir='ltr'>cum</span> <span class='ocrx_word' id='word_1_628' title='bbox 1128 2789 1245 2812; x_wconf 85' lang='lat' dir='ltr'>canon.</span> <span class='ocrx_word' id='word_1_629' title='bbox 1257 2782 1290 2811; x_wconf 90' lang='lat' dir='ltr'>et</span> <span class='ocrx_word' id='word_1_630' title='bbox 1305 2779 1408 2820; x_wconf 88' lang='lat' dir='ltr'>praeb.</span> <span class='ocrx_word' id='word_1_631' title='bbox 1422 2779 1532 2819; x_wconf 86' lang='lat' dir='ltr'>plebis</span> <span class='ocrx_word' id='word_1_632' title='bbox 1547 2787 1574 2810; x_wconf 89' lang='lat' dir='ltr'>s.</span> <span class='ocrx_word' id='word_1_633' title='bbox 1590 2778 1728 2810; x_wconf 84' lang='lat' dir='ltr'>Martini</span> <span class='ocrx_word' id='word_1_634' title='bbox 1744 2778 1784 2810; x_wconf 89' lang='lat' dir='ltr'>de</span> <span class='ocrx_word' id='word_1_635' title='bbox 1800 2777 1942 2810; x_wconf 89' lang='lat' dir='ltr'>Nimbro</span> <span class='ocrx_word' id='word_1_636' title='bbox 1958 2779 1991 2809; x_wconf 89' lang='lat' dir='ltr'>et</span> <span class='ocrx_word' id='word_1_637' title='bbox 2007 2777 2167 2809; x_wconf 83' lang='lat' dir='ltr'>clericatu</span> <span class='ocrx_word' id='word_1_638' title='bbox 2180 2778 2216 2809; x_wconf 90' lang='lat' dir='ltr'>in</span> 
     </span>
     <span class='ocr_line' id='line_1_66' title="bbox 620 2830 2215 2877; baseline -0.005 -8"><span class='ocrx_word' id='word_1_639' title='bbox 620 2846 715 2877; x_wconf 89' lang='lat' dir='ltr'>perp.</span> <span class='ocrx_word' id='word_1_640' title='bbox 729 2836 840 2868; x_wconf 87' lang='lat' dir='ltr'>benef.</span> <span class='ocrx_word' id='word_1_641' title='bbox 858 2835 940 2867; x_wconf 90' lang='lat' dir='ltr'>eccl.</span> <span class='ocrx_word' id='word_1_642' title='bbox 961 2844 990 2866; x_wconf 91' lang='lat' dir='ltr'>s.</span> <span class='ocrx_word' id='word_1_643' title='bbox 1006 2834 1192 2866; x_wconf 86' lang='lat' dir='ltr'>Salvatoris</span> <span class='ocrx_word' id='word_1_644' title='bbox 1208 2834 1248 2864; x_wconf 89' lang='lat' dir='ltr'>de</span> <span class='ocrx_word' id='word_1_645' title='bbox 1269 2831 1510 2868; x_wconf 86' lang='lat' dir='ltr'>Monesterolo,</span> <span class='ocrx_word' id='word_1_646' title='bbox 1535 2831 1733 2871; x_wconf 83' lang='lat' dir='ltr'>Pergamen.</span> <span class='ocrx_word' id='word_1_647' title='bbox 1749 2830 1794 2862; x_wconf 89' lang='lat' dir='ltr'>di.</span> <span class='ocrx_word' id='word_1_648' title='bbox 1811 2831 1863 2869; x_wconf 83' lang='lat' dir='ltr'>(A.</span> <span class='ocrx_word' id='word_1_649' title='bbox 1883 2832 1932 2868; x_wconf 81' lang='lat'>15,</span> <span class='ocrx_word' id='word_1_650' title='bbox 1950 2830 1972 2861; x_wconf 87' lang='lat' dir='ltr'>f.</span> <span class='ocrx_word' id='word_1_651' title='bbox 1986 2831 2049 2861; x_wconf 74' lang='lat'><strong>410</strong></span> <span class='ocrx_word' id='word_1_652' title='bbox 2061 2830 2090 2867; x_wconf 77' lang='lat' dir='ltr'>b;</span> <span class='ocrx_word' id='word_1_653' title='bbox 2112 2830 2148 2862; x_wconf 90' lang='lat' dir='ltr'>V.</span> <span class='ocrx_word' id='word_1_654' title='bbox 2165 2832 2215 2869; x_wconf 78' lang='lat'><strong>72,</strong></span> 
     </span>
     <span class='ocr_line' id='line_1_67' title="bbox 622 2888 803 2930; baseline -0.011 -8"><span class='ocrx_word' id='word_1_655' title='bbox 622 2899 675 2930; x_wconf 90' lang='lat' dir='ltr'>ep.</span> <span class='ocrx_word' id='word_1_656' title='bbox 691 2888 803 2928; x_wconf 68' lang='lat'>1111.)</span> 
     </span>
    </p>

    <p class='ocr_par' dir='ltr' id='par_1_25' title="bbox 623 2936 2220 3035">
     <span class='ocr_line' id='line_1_68' title="bbox 668 2936 2218 2980; baseline -0.001 -10"><span class='ocrx_word' id='word_1_657' title='bbox 668 2938 802 2971; x_wconf 82' lang='grc'>12474.</span> <span class='ocrx_word' id='word_1_658' title='bbox 822 2959 856 2964; x_wconf 95' lang='grc'>-</span> <span class='ocrx_word' id='word_1_659' title='bbox 875 2941 994 2973; x_wconf 84' lang='lat' dir='ltr'>Gratia</span> <span class='ocrx_word' id='word_1_660' title='bbox 1013 2948 1109 2980; x_wconf 86' lang='lat' dir='ltr'>exsp.</span> <span class='ocrx_word' id='word_1_661' title='bbox 1125 2940 1230 2979; x_wconf 64' lang='lat' dir='ltr'>dign„</span> <span class='ocrx_word' id='word_1_662' title='bbox 1253 2939 1307 2970; x_wconf 85' lang='lat' dir='ltr'>vel</span> <span class='ocrx_word' id='word_1_663' title='bbox 1322 2939 1524 2978; x_wconf 81' lang='lat' dir='ltr'>personatus</span> <span class='ocrx_word' id='word_1_664' title='bbox 1546 2945 1607 2968; x_wconf 91' lang='lat' dir='ltr'>seu</span> <span class='ocrx_word' id='word_1_665' title='bbox 1623 2937 1678 2968; x_wconf 81' lang='lat' dir='ltr'>off.</span> <span class='ocrx_word' id='word_1_666' title='bbox 1699 2946 1728 2968; x_wconf 93' lang='lat' dir='ltr'>c.</span> <span class='ocrx_word' id='word_1_667' title='bbox 1743 2945 1770 2968; x_wconf 92' lang='lat' dir='ltr'>c.</span> <span class='ocrx_word' id='word_1_668' title='bbox 1793 2936 1846 2968; x_wconf 90' lang='lat' dir='ltr'>vel</span> <span class='ocrx_word' id='word_1_669' title='bbox 1865 2945 1892 2967; x_wconf 92' lang='lat' dir='ltr'>s.</span> <span class='ocrx_word' id='word_1_670' title='bbox 1910 2945 1951 2971; x_wconf 93' lang='lat' dir='ltr'>c.,</span> <span class='ocrx_word' id='word_1_671' title='bbox 1968 2937 2009 2967; x_wconf 86' lang='lat' dir='ltr'>ad</span> <span class='ocrx_word' id='word_1_672' title='bbox 2031 2937 2218 2977; x_wconf 85' lang='lat' dir='ltr'>cujuscum-</span> 
     </span>
     <span class='ocr_line' id='line_1_69' title="bbox 623 2989 2220 3035; baseline -0.004 -9"><span class='ocrx_word' id='word_1_673' title='bbox 623 3003 689 3035; x_wconf 86' lang='lat' dir='ltr'>que</span> <span class='ocrx_word' id='word_1_674' title='bbox 705 2994 818 3026; x_wconf 84' lang='lat' dir='ltr'>collat.</span> <span class='ocrx_word' id='word_1_675' title='bbox 833 2994 969 3034; x_wconf 66' lang='lat' dir='ltr'>pertIn„</span> <span class='ocrx_word' id='word_1_676' title='bbox 986 2993 1021 3024; x_wconf 88' lang='lat' dir='ltr'>in</span> <span class='ocrx_word' id='word_1_677' title='bbox 1038 2993 1117 3024; x_wconf 84' lang='lat' dir='ltr'>eccl.</span> <span class='ocrx_word' id='word_1_678' title='bbox 1133 2993 1326 3029; x_wconf 62' lang='lat' dir='ltr'>Dertusen„</span> <span class='ocrx_word' id='word_1_679' title='bbox 1346 2991 1383 3023; x_wconf 93' lang='lat' dir='ltr'>O.</span> <span class='ocrx_word' id='word_1_680' title='bbox 1400 2991 1434 3022; x_wconf 87' lang='lat' dir='ltr'>S.</span> <span class='ocrx_word' id='word_1_681' title='bbox 1454 2991 1509 3025; x_wconf 87' lang='grc' dir='ltr'>Α.,</span> <span class='ocrx_word' id='word_1_682' title='bbox 1531 2990 1658 3021; x_wconf 85' lang='lat' dir='ltr'>consid.</span> <span class='ocrx_word' id='word_1_683' title='bbox 1676 2989 1817 3021; x_wconf 88' lang='lat' dir='ltr'>Roberti</span> <span class='ocrx_word' id='word_1_684' title='bbox 1838 2989 1928 3030; x_wconf 82' lang='lat' dir='ltr'>regis</span> <span class='ocrx_word' id='word_1_685' title='bbox 1949 2989 2084 3027; x_wconf 83' lang='lat' dir='ltr'>Siciliae,</span> <span class='ocrx_word' id='word_1_686' title='bbox 2105 2989 2220 3021; x_wconf 82' lang='lat' dir='ltr'>Jacobo</span> 
     </span>
    </p>
   </div>
   <div class='ocr_carea' id='block_1_17' title="bbox 342 3038 2086 3072">
    <p class='ocr_par' dir='ltr' id='par_1_26' title="bbox 342 3038 2086 3072">
     <span class='ocr_line' id='line_1_70' title="bbox 342 3038 2086 3072; baseline -0.003 -1"><span class='ocrx_word' id='word_1_687' title='bbox 342 3044 488 3072; x_wconf 75' lang='lat' dir='ltr'>JOANNIS</span> <span class='ocrx_word' id='word_1_688' title='bbox 508 3043 592 3071; x_wconf 85' lang='lat' dir='ltr'>XXII.</span> <span class='ocrx_word' id='word_1_689' title='bbox 611 3058 645 3063; x_wconf 93' lang='lat'>—</span> <span class='ocrx_word' id='word_1_690' title='bbox 663 3043 695 3070; x_wconf 80' lang='lat' dir='ltr'>T.</span> <span class='ocrx_word' id='word_1_691' title='bbox 716 3043 768 3071; x_wconf 86' lang='lat' dir='ltr'>III.</span> <span class='ocrx_word' id='word_1_692' title='bbox 2052 3038 2086 3066; x_wconf 84' lang='lat'>26</span> 
     </span>
    </p>
   </div>
  </div>
 </body>
</html>
