2566 3562
362 334 422 365 220

397 421 498 448 Datum
514 411 694 448 Avenione.

375 624 394 652 4
408 627 440 659 (11
456 621 537 653 non.)
553 621 610 648 dec.
628 619 715 648 1320.

474 666 504 693 T.
526 664 617 692 XXVI.

384 834 401 862 5
424 832 517 869 (non.)
537 832 594 860 dec.
614 831 702 859 4320.

493 877 524 904 T.
541 876 597 904 XX.

504 1044 540 1072 Ut
555 1052 579 1071 s.

477 1089 508 1118 T.
529 1087 612 1116 III¹¹.

375 1418 393 1445 6·
406 1417 473 1454 (vm
486 1416 536 1450 id.)
551 1415 609 1444 dec.
626 1415 712 1443 1320.

441 1462 471 1489 T.
487 1461 557 1495 XIV,
576 1461 646 1488 XVI.

504 1843 540 1870 Ut
558 1850 581 1869 s.
602 1869 606 1872 ,

449 1887 480 1914 Τ.
500 1887 547 1921 XI,
567 1887 640 1914 XIII.

506 2053 542 2080 Ut
560 2062 583 2080 s.

450 2097 480 2124 T.
496 2097 543 2131 XI,
563 2097 636 2125 XIII.

508 2213 542 2240 Ut
559 2222 581 2240 s.

452 2257 482 2284 Τ.
503 2257 549 2291 XI,
566 2258 637 2285 XIII.

506 2373 541 2400 Ut
559 2381 582 2400 s.

451 2417 481 2443 T.
499 2417 544 2452 xl,
562 2418 633 2445 x111.

507 2638 541 2666 Ut
557 2647 581 2666 s.

453 2682 483 2709 T.
500 2682 546 2716 XI,
558 2683 630 2711 XIII.

508 2849 543 2877 Ut
559 2858 581 2876 s.

453 2892 484 2919 T.
504 2893 549 2925 XI,
568 2893 638 2921 XIII.

765 298 939 357 sommis
961 320 1079 353 PAPAE
1100 319 1202 350 xxn.
1226 319 1475 358 <mm-im).
1496 335 1536 342 -
1558 315 1745 348 LITTERAE
1767 304 1993 348 communes

782 510 953 552 praesenti,
981 509 1022 540 de
1040 507 1196 539 subsidio
1221 505 1287 538 eid.
1306 506 1409 537 Petro
1430 513 1449 536 a
1474 505 1542 537 ΡΡ.
1573 512 1734 536 concesso
1756 502 1916 544 promisit
1924 512 1934 542 ;
1954 501 2241 544 quarumquidem
2253 502 2382 535 certam

781 564 912 604 partem
927 562 973 593 id.
992 559 1208 593 Raimundus
1220 558 1391 599 recepisse
1406 558 1607 590 dinoscitur.
1625 557 1679 596 (A.
1693 557 1742 594 14,
1758 556 1783 588 f.
1798 557 1857 588 120
1869 555 1884 578 ¹³
1893 566 1904 594 ς
1929 555 1965 588 V.
1984 557 2035 592 71,
2050 552 2103 597 ep.
2123 555 2208 595 193.)

828 612 963 646 12698.
981 631 1020 637 -
1034 612 1143 645 Priori
1162 612 1302 654 generali
1315 616 1344 643 et
1357 610 1512 652 fratribus
1524 609 1592 642 ord.
1613 609 1826 641 Eremitarum
1842 608 1879 641 S.
1899 609 1940 641 A.
1957 625 1998 632 —
2013 608 2186 642 Decernit.
2204 608 2272 641 ΡΡ.
2291 608 2382 649 quod

780 669 898 709 plures
916 668 1041 699 fratres
1057 667 1140 699 dicti
1156 666 1242 703 ord.,
1269 665 1329 706 qui
1357 664 1485 705 absque
1511 663 1728 704 superiorum
1751 662 1891 694 licentia
1909 670 1971 703 per
1996 661 2203 703 guardianos
2227 661 2267 695 Ο.
2282 661 2331 694 Μ.
2345 661 2383 694 in

781 721 947 754 Hibernia
962 720 1090 761 recepti
1108 721 1199 757 sunt,
1218 719 1389 759 optionem
1401 717 1525 750 habent
1544 716 1742 749 remanendi
1756 716 1811 747 vel
1826 715 1990 748 redeundi
2008 715 2051 747 ad
2061 715 2215 756 ipsorum
2230 714 2380 747 ordInes.

780 775 834 816 (A.
847 776 896 810 15,
915 774 938 805 f.
956 774 1016 806 488
1031 779 1065 810 ³3
1088 772 1122 805 V.
1134 775 1183 810 72,
1196 781 1249 813 ep.
1267 773 1364 810 1672;
1381 771 1500 809 Eubel,
1519 780 1570 812 op.
1585 770 1652 808 cit„
1671 778 1703 809 p.
1719 771 1791 806 193,
1807 778 1840 802 n.
1858 770 1946 809 413.)

827 824 962 856 12699.
978 844 1018 850 -
1038 825 1216 858 Bernaboni
1238 824 1331 856 electo
1351 825 1469 856 Lunen.
1491 824 1636 856 facultas
1657 822 1844 863 recipiendi
1861 830 1986 854 munus
2003 821 2271 854 consecrationis
2285 821 2384 853 extra

781 881 922 918 curiam,
952 880 1081 912 consid.
1107 880 1207 911 Lucae
1223 879 1256 911 S.
1275 879 1320 911 M.
1344 878 1379 909 in
1395 878 1461 910 Via
1476 878 1546 909 lata
1556 877 1643 909 diac.
1659 876 1764 913 card..
1783 884 1860 907 cum
1875 876 2015 916 propter
2038 883 2238 916 guerrarum
2263 873 2386 906 discri-

781 933 874 965 mina
896 934 931 964 in
957 933 1031 964 illis
1049 932 1204 973 partibus
1225 931 1457 973 ingruentium
1481 930 1713 971 periculosum
1731 929 1778 961 sit
1800 929 1867 970 ipsi
1894 929 1936 960 ad
1952 928 1987 961 S.
2002 929 2044 961 A.
2063 928 2233 960 accedere.
2254 927 2308 969 (A.
2331 928 2383 966 u,

781 987 805 1018 f.
822 988 880 1019 152
897 991 934 1022 ⁸3
954 986 988 1017 V.
1007 988 1057 1024 71,
1070 994 1123 1026 ep.
1141 986 1226 1026 235.)

828 1037 962 1069 12700.
979 1057 1019 1063 -
1033 1038 1128 1070 Petro
1145 1038 1182 1070 de
1201 1039 1229 1070 Τ
1227 1038 1304 1080 offla
1317 1042 1345 1069 et
1359 1037 1479 1079 Anqelo
1497 1037 1534 1069 de
1549 1035 1759 1078 Monteopulo.
1774 1044 1863 1068 mon.
1880 1036 2027 1067 monast.
2043 1043 2091 1066 ss.
2103 1034 2248 1067 Andreae
2261 1035 2295 1066 et.
2303 1033 2385 1067 Gre-

781 1093 869 1134 gorii
886 1093 920 1124 in
936 1092 1149 1135 Clivoscauri
1163 1093 1204 1123 de
1221 1091 1314 1124 Urbe
1327 1092 1368 1123 ad
1383 1092 1425 1125 R.
1444 1091 1483 1123 E.
1499 1090 1594 1122 nullo
1610 1090 1722 1122 medio
1738 1089 1878 1130 pertin„
1895 1089 1934 1122 Ο.
1954 1088 1990 1120 S.
2008 1089 2061 1125 B.‚
2078 1087 2304 1120 committitur
2326 1080 2390 1119 υἰέ

782 1146 991 1178 ministratio
1014 1146 1097 1177 dicti
1118 1146 1266 1176 monast.
1294 1145 1438 1185 ejusque
1462 1144 1706 1180 membrorum,
1722 1142 1817 1180 eccl„
1833 1144 2034 1180 castrorum,
2050 1141 2279 1173 vassallorum
2301 1139 2385 1172 alio·

781 1209 924 1240 rumque
939 1199 1107 1231 bonorum
1124 1200 1158 1230 et
1179 1198 1320 1239 jurium,
1347 1206 1424 1229 cum
1442 1206 1502 1238 per
1521 1196 1782 1237 suspensionem
1801 1195 1918 1227 fratris
1930 1195 2082 1231 Berardi,
2099 1194 2159 1235 qui
2176 1202 2237 1235 pro
2255 1193 2332 1226 abb.
2346 1201 2384 1226 se

782 1252 931 1293 gerebat,
949 1261 968 1284 a
991 1253 1121 1284 Joanne
1138 1261 1215 1292 ep.o
1241 1251 1404 1291 Nepesin,
1431 1250 1501 1282 ΡΡ.
1526 1250 1562 1281 in
1586 1249 1704 1281 eadem
1718 1248 1810 1281 Urbe
1823 1248 1964 1287 vicario,
1981 1248 2105 1280 factam
2125 1249 2161 1280 et
2179 1256 2240 1288 per
2255 1247 2384 1288 Papum

782 1306 1027 1343 confirmatam,
1047 1305 1083 1336 in
1100 1304 1339 1345 spiritualibus
1354 1306 1387 1336 et
1399 1302 1647 1343 temporalibus
1662 1301 1812 1342 pastoris
1826 1300 1949 1333 solatio
1965 1301 2012 1333 sit
2026 1301 2241 1333 destitutum.
2253 1316 2294 1324 —
2308 1300 2337 1332 1.
2351 1307 2383 1332 ο.

782 1369 828 1392 m.
845 1368 941 1391 conv.
961 1361 993 1391 et
1008 1358 1168 1390 vassallis
1184 1358 1267 1390 dicti
1281 1358 1426 1389 monast.
1447 1357 1500 1395 (A.
1517 1358 1567 1394 14,
1585 1355 1608 1387 f.
1627 1357 1684 1388 183
1699 1355 1734 1393 b;
1756 1354 1793 1387 V.
1809 1357 1861 1392 71,
1876 1363 1928 1396 ep.
1947 1355 2032 1394 386.)

829 1410 947 1443 12701
959 1434 966 1441 .
985 1429 1024 1435 —-
1049 1411 1202 1443 Walramo
1226 1411 1293 1452 filio
1311 1421 1342 1443 n.
1363 1421 1392 1441 v.
1413 1409 1545 1442 Gerardi
1563 1410 1680 1440 comilis
1699 1408 1854 1441 Juliacen.
1872 1408 1984 1449 gratia
1996 1416 2092 1448 exsp.
2113 1407 2220 1448 dign„
2238 1407 2291 1439 vel
2307 1414 2385 1448 per-⁴-

783 1467 924 1498 sonatus
938 1475 999 1497 seu
1010 1466 1064 1498 off.
1081 1475 1110 1497 c.
1124 1474 1152 1496 c.
1162 1465 1217 1496 vel
1231 1474 1259 1496 s.
1270 1474 1305 1496 c:
1315 1465 1350 1496 in
1366 1459 1447 1496 eccl.
1465 1463 1655 1500 Colonien.,
1669 1462 1798 1494 consid.
1816 1461 1970 1502 Philippi
1984 1461 2076 1502 regis
2084 1462 2118 1493 et
2131 1460 2249 1493 Marioe
2260 1459 2386 1502 regim

782 1521 991 1552 Francorum
1002 1529 1011 1556 ;
1022 1519 1282 1559 praeposituram
1294 1518 1375 1550 eccl.
1391 1526 1419 1550 s.
1433 1517 1598 1550 Gereonis
1608 1517 1784 1549 Colonien.
1799 1525 1828 1547 c.
1840 1524 1883 1553 c.,
1897 1524 2001 1556 super
2013 1523 2081 1555 qua
2095 1523 2149 1555 ap.
2160 1514 2194 1546 S.
2208 1513 2384 1555 Aditignoe,

783 1574 955 1605 dimittere
980 1574 1116 1604 tenetur
1144 1574 1176 1604 et
1203 1572 1421 1612 dispensatur
1450 1580 1469 1602 a
1491 1571 1692 1603 Lateranen.
1713 1571 1746 1602 et
1771 1569 1923 1610 generali
1946 1568 2102 1600 conciliIs
2118 1576 2222 1608 super
2251 1566 2386 1611 defectu

782 1627 893 1658 aetatis
910 1628 963 1667 (19
980 1626 1049 1666 an.)
1074 1628 1106 1657 et
1133 1626 1204 1657 ord.
1231 1634 1269 1657 ac
1295 1634 1398 1665 super
1419 1623 1738 1664 incompatibilitate
1762 1622 1972 1664 pluralitatis
1994 1621 2130 1659 benef.;
2153 1629 2222 1653 non
2245 1620 2333 1653 obst.
2348 1620 2386 1653 in

783 1681 872 1712 dleta
896 1680 1071 1711 Colonien.
1099 1681 1132 1710 et
1148 1679 1184 1710 in
1199 1679 1233 1711 S.
1250 1679 1295 1710 M.
1321 1678 1362 1710 de
1379 1678 1490 1718 Aquis
1504 1678 1622 1715 Grani,
1639 1677 1800 1709 Leodien.
1818 1676 1878 1714 di.,
1896 1676 1978 1708 eccl.
1995 1684 2115 1708 canon.
2131 1676 2166 1707 et
2179 1674 2284 1716 praeb.
2298 1692 2337 1699 ——
2354 1674 2384 1707 Ι.

783 1743 812 1765 e.
830 1742 874 1764 m.
893 1734 1019 1764 decano
1038 1742 1066 1764 s.
1085 1732 1251 1765 Gereonis
1272 1733 1306 1764 et
1328 1732 1479 1763 thesaur.
1504 1740 1532 1763 s.
1554 1731 1698 1763 Andreae
1722 1729 1911 1767 Colonien.,
1927 1738 1965 1761 ac
1991 1737 2081 1770 mag.
2098 1729 2200 1760 Petro
2217 1728 2259 1760 de
2277 1728 2387 1769 Noga-

783 1789 867 1823 reto,
888 1795 960 1818 can.
979 1787 1203 1826 Burdegalen.
1221 1786 1316 1824 eccl.‚
1336 1785 1403 1816 ΡΡ.
1420 1794 1494 1825 cap.
1511 1785 1565 1826 (A.
1583 1786 1633 1822 14,
1650 1784 1674 1815 f.
1689 1785 1747 1815 127
1763 1788 1793 1821 ⁸3
1819 1783 1853 1814 V.
1876 1785 1926 1820 71,
1939 1791 1993 1823 ep.
2008 1783 2094 1822 212.)

830 1837 964 1870 12702.
983 1858 1021 1862 -
1044 1839 1197 1870 Ludovico
1219 1838 1256 1870 de
1272 1838 1433 1870 Binswielt
1456 1838 1568 1870 collat.
1587 1846 1705 1869 canon.
1723 1836 1787 1868 sub
1800 1845 1897 1877 exsp.
1914 1835 2019 1877 praeb.
2036 1834 2118 1867 eccl.
2134 1835 2304 1873 Bunnen..
2324 1834 2387 1868 Co·

783 1894 910 1925 lonien.
926 1893 972 1924 di.
990 1910 1028 1915 —
1042 1894 1069 1924 Ι.
1089 1902 1118 1924 e.
1135 1902 1181 1924 m.
1197 1901 1286 1933 mag.
1304 1892 1413 1924 Bindo
1427 1892 1467 1923 de
1489 1891 1588 1923 Senis
1605 1900 1708 1931 praep.
1728 1890 1915 1927 Colonien.,
1934 1889 2004 1921 ΡΡ.
2023 1890 2108 1925 not.‚
2126 1890 2202 1920 ets.
2223 1887 2386 1928 Dionysii

782 1947 957 1985 Leodien„
977 1956 1015 1978 ac
1030 1946 1069 1978 B.
1088 1946 1133 1977 M.
1150 1947 1295 1986 Aquen„
1309 1945 1471 1977 Leodien.
1489 1945 1549 1983 di.,
1568 1944 1705 1976 decaniS
1720 1943 1954 1975 ecclesiarum.
1973 1943 2028 1982 (A.
2049 1945 2098 1980 14,
2116 1942 2140 1974 f.
2157 1943 2217 1974 128
2230 1947 2260 1978 ⁸3
2278 1941 2316 1974 V.
2332 1943 2384 1980 71,

783 2010 836 2040 ep.
856 2002 941 2039 213.)

830 2051 965 2083 12703.
981 2071 1019 2076 —
1042 2053 1207 2094 Reynardo
1226 2053 1261 2083 de
1287 2052 1413 2082 Foreseo
1431 2047 1505 2083 ead.
1524 2051 1634 2092 gratia
1655 2051 1690 2082 in
1703 2050 1784 2082 eccl.
1801 2049 1981 2086 XVerden„
1999 2048 2175 2081 Colonien.
2196 2048 2242 2081 di,
2259 2066 2298 2072 —
2312 2047 2338 2080 I.
2353 2057 2383 2081 θ.

784 2116 830 2138 m.
847 2107 955 2139 BIndo
979 2107 1020 2138 de
1045 2107 1143 2138 Senis
1161 2115 1265 2147 praep.
1283 2106 1435 2146 maioris,
1453 2106 1486 2136 et
1509 2105 1635 2136 decano
1650 2113 1678 2135 s.
1695 2103 1872 2139 Gereonis,
1891 2112 1929 2134 ac
1944 2102 2095 2135 thesaur.
2115 2111 2143 2134 s.
2160 2101 2306 2134 Andreae
2322 2101 2384 2134 Co-

782 2161 907 2192 lonien.
926 2161 1008 2192 eccl.
1027 2160 1080 2201 (A.
1101 2162 1150 2198 14,
1170 2160 1192 2191 f.
1211 2161 1269 2190 128
1285 2159 1317 2196 ¹³3
1338 2159 1375 2190 V.
1394 2161 1444 2203 '7¹,’
1460 2167 1512 2199 ep.
1530 2159 1617 2198 214.)

829 2211 964 2244 12704.
981 2232 1020 2236 -
1041 2213 1178 2245 Gerardo
1198 2213 1234 2244 de
1251 2212 1411 2244 Scovanhe
1434 2212 1507 2244 ead.
1523 2212 1632 2252 gratia
1654 2211 1690 2242 in
1706 2211 1787 2243 eccl.
1805 2219 1833 2242 s.
1852 2210 1952 2242 Pauli
1966 2209 2148 2246 Leodien.;
2162 2218 2229 2241 non
2246 2208 2334 2241 obst.
2348 2209 2385 2241 in

782 2268 861 2299 eccl.
879 2268 912 2299 S.
933 2268 977 2299 M.
996 2268 1036 2298 de
1063 2267 1172 2307 Aquis
1196 2267 1316 2304 Grani,
1338 2266 1498 2298 Leodien.
1525 2265 1584 2303 di.,
1613 2273 1730 2297 canon.
1751 2265 1785 2296 et
1808 2263 1911 2305 praeb.
1933 2280 1971 2286 —
1998 2263 2024 2295 Ι.
2039 2271 2069 2295 e.
2087 2271 2135 2295 m.
2151 2263 2190 2294 ut
2207 2271 2235 2295 s.
2263 2262 2316 2302 (A.
2333 2263 2383 2298 ss,

782 2321 804 2352 f.
826 2322 883 2352 128
901 2321 933 2358 ¹³3
960 2320 990 2352 V.
1005 2322 1056 2358 71,
1074 2329 1126 2360 ep.
1143 2321 1227 2359 215.)

827 2372 964 2404 12705.
984 2391 1021 2396 -
1038 2374 1156 2405 Joanm'
1173 2374 1209 2405 de
1226 2373 1311 2405 Cosle
1325 2373 1413 2404 conf.
1438 2373 1618 2404 scolastria
1633 2372 1713 2404 eccl.
1737 2371 2007 2409 Scarbimirien.,
2024 2370 2219 2402 Cracovien.
2241 2369 2302 2406 di.,
2323 2378 2384 2411 per

782 2429 1030 2460 assecutionem
1054 2437 1074 2459 a
1088 2428 1218 2459 Joanne
1243 2427 1405 2459 Grotonis
1429 2427 1551 2458 factam
1572 2426 1613 2457 de
1628 2425 1709 2457 eccl.
1725 2425 1863 2465 paroch.
1878 2425 1912 2456 S.
1930 2424 1976 2456 M.
1994 2424 2192 2456 Cracovien.
2208 2423 2277 2463 ipsi
2291 2425 2381 2456 auct.

782 2483 891 2520 apost.
910 2482 1033 2513 collata
1048 2490 1122 2512 vac.
1137 2499 1177 2504 -
1196 2481 1223 2512 I.
1242 2489 1270 2512 e.
1287 2489 1332 2512 m.
1359 2488 1449 2520 mag.
1467 2479 1592 2511 Joanni
1613 2479 1654 2510 de
1672 2478 1824 2516 Verulis,
1843 2486 1918 2509 can.
1938 2477 2091 2509 basilicae
2105 2476 2272 2517 principis
2288 2485 2386 2518 apos-

781 2535 930 2566 tolorum
944 2535 984 2566 de
997 2534 1101 2572 Urbe,
1118 2534 1186 2565 ΡΡ.
1204 2535 1287 2570 not„
1305 2534 1339 2565 et
1351 2542 1455 2573 praep.
1472 2532 1681 2569 Wislicien.,
1699 2531 1895 2563 Cracovien.
1911 2531 1971 2568 di.,
1990 2539 2028 2562 ac
2041 2530 2170 2562 archid.
2187 2529 2382 2562 Cracovien.

782 2588 862 2620 eccl.
881 2588 933 2628 (A.
953 2589 1001 2626 14,
1021 2587 1045 2618 f.
1062 2589 1121 2619 104
1137 2587 1173 2624 ¹²5
1199 2586 1231 2618 V.
1253 2589 1303 2624 71,
1321 2595 1372 2626 ep.
1390 2588 1474 2624 223.)

827 2638 963 2670 12706.
979 2659 1019 2663 -
1033 2641 1154 2673 Collat.
1178 2649 1295 2672 canon.
1322 2641 1355 2672 et
1374 2639 1477 2680 praeb.
1498 2639 1578 2671 eccl.
1603 2647 1632 2670 s.
1647 2638 1809 2671 Venantii
1828 2638 1869 2670 de
1889 2637 2071 2676 Fabrian0‚
2088 2637 2304 2669 camerinen.
2322 2636 2383 2672 di.,

781 2703 841 2734 per
860 2694 940 2726 obit.
959 2695 1047 2734 apud
1066 2694 1099 2726 S.
1117 2694 1157 2725 A.
1177 2694 1289 2726 Ranni
1305 2693 1345 2725 de
1360 2693 1530 2725 Fabriano
1547 2702 1633 2730 vac„
1651 2692 1818 2723 Francisco
1836 2691 2034 2723 Tkomasutii.
2052 2708 2092 2714 ——
2108 2691 2134 2722 Ι.
2152 2699 2181 2722 e.
2199 2699 2246 2722 m.
2265 2690 2385 2722 s.Cru-

783 2747 831 2778 cis
845 2748 885 2778 de
904 2747 1121 2779 Saxoferrato
1137 2749 1169 2779 et
1182 2756 1209 2779 s.
1221 2746 1634 2783 AEmiliani,Camerinen.
1652 2747 1685 2777 et
1702 2745 1871 2786 Eugubin.
1889 2745 1949 2783 di.,
1965 2745 2114 2776 monast.
2126 2743 2215 2781 abb„
2228 2752 2268 2775 ac
2277 2751 2383 2784 praep.

782 2800 861 2831 eccl.
878 2801 1065 2840 Maguntin.
1087 2801 1138 2839 (A.
1159 2803 1207 2838 14,
1229 2801 1252 2832 f.
1273 2802 1333 2832 313
1346 2800 1378 2836 b3
1407 2799 1444 2831 V.
1461 2802 1512 2837 71,
1529 2808 1582 2839 ep.
1597 2799 1683 2839 577.)
1782 2799 1784 2802 ’

828 2850 962 2882 12707.
986 2871 1024 2876 —-
1042 2854 1264 2894 Gratiaexsp.
1282 2853 1394 2885 benef.
1410 2862 1437 2885 c.
1457 2862 1484 2884 c.
1504 2853 1558 2884 vel
1576 2862 1603 2884 s.
1621 2862 1662 2891 c.,
1681 2853 1716 2884 in
1734 2852 1827 2884 civit.
1845 2852 1899 2884 vel
1917 2851 1964 2883 di.
1980 2851 2187 2888 Ruthenen.,
2202 2850 2326 2891 pertin.
2341 2850 2384 2882 ad

782 2906 895 2937 collat.
921 2907 989 2946 ep.i
1013 2907 1218 2947 Ruthenen.,
1239 2907 1347 2945 (1001.
1367 2906 1419 2946 t.),
1440 2906 1566 2947 Huqoni
1580 2906 1691 2944 Rocas,
1709 2906 1788 2938 cler.
1808 2905 2012 2942 Ruthenen„
2028 2913 2134 2945 praep.
2151 2903 2383 2944 praepositurae

783 2959 863 2990 eccl.
883 2968 909 2990 s.
927 2960 1069 2991 Joannis
1092 2961 1255 3001 Baptistae
1279 2961 1319 2992 de
1337 2960 1472 2997 CiSano,
1490 2960 1716 2992 Mediolanen.
1733 2960 1793 2998 di.,
1809 2960 1862 3000 (20
1879 2959 1953 2990 flor.
1971 2958 2071 2997 auri).
2089 2975 2128 2981 -—
2145 2957 2172 2990 1.
2191 2966 2221 2989 e.
2241 2965 2286 2988 m.
2304 2955 2382 2988 abb.
