2566 3562
350 365 408 396 152

376 454 477 481 Datum
506 445 688 481 Avenione.

364 554 401 582 12
417 557 458 590 (ιν
477 553 529 588 id.)
545 555 597 580 oct.
615 551 705 580 1319.

491 818 527 845 Ut
546 825 570 845 s.

493 1030 529 1059 Ut
545 1039 569 1058 s.

386 1298 423 1326 15
436 1298 500 1334 (id.)
517 1302 569 1326 oct.
590 1298 678 1326 1319.

364 1512 400 1539 10
415 1515 457 1548 (1v
473 1512 526 1548 id.)
537 1519 600 1540 nov.
619 1511 706 1540 1319.

367 1831 403 1859 ¹2
418 1831 448 1867 (11
464 1831 516 1866 id.)
533 1817 595 1859 nov}
618 1831 705 1860 1319.

496 2044 532 2071 Ut
547 2052 570 2072 s.

494 2257 530 2284 Ut
547 2265 572 2284 s.

493 2469 527 2497 Ut
545 2478 568 2497 s·

494 2576 530 2604 Ut
545 2584 569 2604 s.

380 2788 416 2816 13
434 2787 497 2823 (id.)
515 2797 578 2816 nov.
596 2789 683 2817 1319.

421 2894 457 2922 18
473 2903 534 2922 ηου.
555 2896 642 2924 1319.

418 2940 481 2974 (x1v
497 2941 556 2969 kal.
575 2942 652 2977 dec.)

753 356 926 389 JOANNIS
948 354 1067 386 PAPAE
1089 354 1190 385 xxn.
1215 353 1468 394 (1816-1884).
1491 369 1530 376 —
1551 351 1738 383 LITTERAE
1760 351 1812 383 DE
1833 350 1957 384 CURIA

819 547 830 559 ¹
852 544 989 578 12029.
1008 563 1047 570 -
1063 547 1149 587 Maq.
1165 546 1330 588 Aymnrico
1356 545 1394 577 de
1419 544 1617 583 Castrolucii,
1632 543 1750 575 archid.
1771 543 2033 585 Transviqennen.
2056 544 2090 575 in
2113 542 2186 575 ecel.
2206 542 2373 580 Turonen„

773 601 841 632 ΡΡ.
856 610 939 641 ιαμ,
949 600 985 632 S.
998 600 1037 631 A.
1056 600 1179 638 nuncio,
1195 600 1308 632 mand.
1323 601 1361 631 ut
1368 598 1522 640 requirat
1534 597 1691 630 homines
1702 597 1743 630 de
1758 597 1986 631 Romandiola
1998 597 2042 630 ad
2059 596 2262 630 mittendum
2279 596 2376 628 auxi-

774 654 860 686 lium
874 663 963 695 mag.
982 653 1117 686 Amelio
1135 653 1293 685 Marchiae
1308 652 1511 685 Anconitan.
1529 651 1653 684 rectori
1667 653 1784 683 contra
1797 650 2003 688 Recanaten.
2021 651 2055 682 et
2070 650 2266 687 Auximan„
2282 649 2372 682 E.R.

776 707 934 746 rebelleS,
954 708 988 739 et
1002 708 1039 738 ut
1049 706 1218 747 significet
1227 707 1346 738 modos
1363 714 1424 746 per
1440 714 1526 746 quos
1539 705 1650 746 possit
1667 703 1798 736 obviari
1813 703 1958 736 malitiis
1973 712 2103 736 eorum.
2119 703 2174 743 (V.
2183 704 2236 742 70,
2245 710 2298 743 ep.
2312 703 2332 735 δ
2346 702 2375 734 A

775 761 813 794 de
830 761 910 801 cur.)
1881 768 1885 771 '

822 811 956 844 12030.
975 831 1013 837 -
1030 813 1197 846 Scribitur
1210 813 1251 845 de
1266 812 1440 853 praedictis
1457 822 1488 844 η.
1503 822 1532 844 υ.
1552 811 1749 843 Bernardino
1764 810 1867 842 comiti
1882 810 1919 842 de
1939 809 2045 846 Cuma,
2062 809 2248 852 Pandulpho
2260 815 2288 841 ec
2302 808 2378 840 Fer-

776 868 900 899 rantino
913 868 948 898 de
962 867 1134 899 Malatestis
1147 866 1184 898 de
1199 866 1354 904 Arimino,
1366 865 1511 904 Guidoni,
1527 865 1658 906 Astaqio
1672 869 1701 896 et
1715 863 1842 908 Albi-ico
1859 863 1897 896 de
1910 863 2053 902 Polenta,
2063 863 2228 896 Francisco
2243 862 2281 895 de
2292 863 2378 895 Hm·

774 921 873 962 fredis
890 921 926 953 de
941 921 1091 952 Faventia
1106 926 1134 952 et
1153 919 1288 952 Rizardo
1304 920 1371 960 ejus
1395 919 1475 961 filio,
1496 919 1649 950 Leoncino
1678 924 1706 949 et
1727 917 1948 949 francischino
1971 917 2009 949 de
2042 916 2192 955 Valbona,
2222 916 2376 956 Fulcerio,

776 975 940 1006 Francisco
956 980 984 1006 et
997 974 1153 1006 Nicolutio
1172 974 1207 1005 de
1221 973 1362 1006 Calbulo.
1377 973 1432 1015 (V.
1452 974 1502 1011 70,
1520 981 1572 1013 ep.
1589 974 1609 1005 5
1622 973 1651 1004 Β
1664 972 1702 1003 de
1717 971 1797 1012 cur.)
2423 961 2428 967 ⁴

822 1025 957 1058 12031.
976 1046 1015 1051 -
1032 1028 1217 1069 Arimineri„
1241 1027 1437 1064 Cesenaten.,
1454 1026 1678 1062 Ravennatem,
1699 1024 1854 1061 Cervam„
1869 1024 2034 1056 Faventin.
2048 1029 2078 1056 ee
2095 1023 2223 1056 Imolen.
2243 1027 2380 1066 potesta·

777 1082 867 1119 tibus,
895 1082 1029 1113 consiliis
1054 1086 1084 1112 et
1107 1079 1374 1112 communitatibus
1399 1080 1513 1112 mand.
1539 1079 1631 1120 quod
1652 1078 1834 1111 adhibeant
1856 1079 1993 1120 plenam
2014 1078 2118 1110 fldem
2141 1087 2231 1120 mag.
2252 1078 2380 1119 Ayme-

776 1135 847 1167 rico
870 1135 910 1167 de
930 1134 1147 1173 Castrolucii,
1163 1134 1290 1166 archid.
1307 1133 1598 1174 Transvigennen.
1614 1133 1650 1164 in
1665 1132 1746 1165 eccl.
1762 1133 1948 1171 Turonen.,
1959 1132 2026 1164 ΡΡ.
2043 1140 2131 1172 cap„
2146 1131 2188 1163 A.
2200 1131 2234 1164 S.
2244 1131 2377 1170 nuntio,

777 1189 813 1220 in
829 1189 883 1220 his
901 1198 975 1229 quae
993 1177 1082 1220 dicet
1097 1188 1149 1220 eis
1171 1197 1214 1220 ex
1229 1188 1325 1228 parte
1341 1187 1409 1219 ΡΡ.
1427 1195 1530 1227 super
1545 1186 1633 1218 facto
1647 1187 1853 1219 Recanaten.
1870 1186 1903 1218 et
1916 1185 2100 1217 Auximan.
2116 1185 2379 1218 Eoc1.Romanae

776 1242 968 1274 rebellium.
988 1241 1040 1283 (V.
1054 1243 1106 1280 70,
1119 1250 1172 1282 ep.
1183 1243 1203 1273 8
1219 1241 1256 1272 de
1275 1242 1354 1280 cur.)

824 1293 959 1326 12032.
978 1312 1017 1318 -
1036 1295 1195 1327 Ανείαιεη.
1212 1299 1241 1326 et
1258 1294 1378 1336 Aquen.
1394 1293 1558 1335 archiepis
1572 1293 1684 1325 mand.
1699 1294 1736 1325 ut
1751 1293 1934 1333 procedant
1949 1293 1985 1324 in
2006 1301 2109 1325 causa
2121 1292 2279 1334 Gregorii
2300 1291 2378 1324 abb.

777 1350 924 1381 monast.
941 1349 1134 1387 Yssiodori,
1153 1349 1193 1380 Ο.
1216 1348 1251 1380 S.
1270 1349 1322 1386 B.,
1347 1347 1599 1380 Claromonten.
1616 1346 1676 1385 di„
1695 1347 1728 1379 et
1745 1347 1871 1379 Joanni
1894 1345 2049 1384 Rocheti,
2066 1354 2158 1378 mon.
2175 1345 2284 1387 eJusd.
2306 1354 2380 1380 mo-

778 1404 879 1440 nast„
899 1411 1065 1443 expensas
1082 1410 1144 1443 pro
1171 1402 1269 1433 dictae
1285 1409 1395 1433 causae
1409 1401 1647 1441 prosecutione
1665 1400 1856 1432 ministrari
1871 1399 1998 1432 faciant
2012 1399 2053 1432 de
2066 1399 2167 1432 bonis
2180 1399 2293 1441 ipsius
2309 1407 2380 1432 mo·

778 1458 866 1488 nast.
881 1456 934 1496 (A.
949 1458 1022 1495 231,
1035 1456 1059 1487 f.
1076 1457 1134 1487 130
1148 1461 1176 1492 ³5
1198 1455 1235 1487 V.
1254 1456 1304 1493 70,
1319 1464 1372 1496 ep.
1387 1456 1442 1492 213
1459 1453 1587 1492 canton,
1607 1463 1641 1486 n.
1657 1454 1743 1493 954.)

825 1506 960 1539 12033.
974 1528 1013 1533 —-
1032 1509 1188 1540 Universis
1202 1509 1282 1550 ep.is
1293 1518 1352 1550 per
1367 1507 1539 1540 Marchiam
1554 1507 1740 1540 Anconitan.
1759 1507 1932 1538 constitutis
1946 1507 2059 1539 mand.
2075 1508 2114 1539 ut
2129 1506 2264 1540 Amelio
2274 1515 2378 1549 praep.

778 1563 1009 1600 Bellimontis,
1026 1563 1151 1595 rectori
1177 1563 1360 1603 provinciae
1375 1562 1486 1602 ejusd.
1502 1561 1671 1599 Marchiae,
1690 1561 1855 1593 assistant
1872 1561 2028 1593 consiliis
2045 1562 2079 1593 et
2101 1561 2242 1593 auxiliis
2263 1561 2381 1594 contra

779 1617 859 1648 eccl.
876 1618 1038 1649 Romanae
1052 1616 1198 1648 rebelles
1213 1617 1418 1648 Recanaten.
1445 1617 1478 1647 et
1495 1615 1681 1647 Auximan.
1703 1633 1741 1638 —
1756 1615 1782 1646 1.
1799 1623 1828 1647 e.
1846 1623 1891 1646 m.
1906 1615 2000 1647 univ.
2017 1614 2157 1656 populis
2173 1616 2208 1647 et
2231 1622 2379 1647 commu·

779 1670 943 1702 nitatibus
960 1670 1065 1708 civit„
1082 1671 1272 1701 castrorum
1288 1670 1322 1701 et
1339 1669 1487 1701 aliorum
1505 1669 1658 1701 locorum
1674 1677 1734 1709 per
1751 1668 1953 1700 Anconitan.
1975 1667 2164 1700 Marchiam
2185 1667 2381 1700 constitutis

778 1725 817 1756 E.
837 1725 878 1756 R.
899 1723 1071 1755 fidelibus.
1090 1741 1128 1747 —
1143 1723 1170 1756 I.
1188 1732 1217 1755 e.
1233 1732 1279 1755 m.
1301 1723 1395 1755 univ.
1414 1722 1609 1760 comitum,
1627 1721 1814 1754 baronibus
1831 1723 1864 1754 et
1888 1721 1969 1754 aliis
1983 1721 2158 1754 nobilibus
2173 1721 2271 1754 dictae
2289 1721 2381 1754 Mar-

779 1778 873 1809 chiae.
894 1777 944 1816 (V.
962 1779 1012 1814 70,
1029 1786 1080 1817 ep.
1100 1779 1137 1809 16
1155 1776 1192 1808 de
1209 1777 1290 1816 cur.)

826 1828 960 1860 12034.
979 1849 1016 1853 -
1035 1830 1196 1871 Stephano
1211 1830 1248 1861 de
1266 1829 1360 1868 Pinu,
1382 1829 1456 1860 cler.
1474 1830 1665 1860 Lemovicen.
1685 1828 1743 1868 di„
1763 1828 1878 1860 mand.
1897 1829 1989 1870 quod
2005 1829 2157 1869 inquirat
2173 1829 2291 1861 contra
2306 1836 2379 1870 per·

778 1893 880 1915 sonas
894 1885 1083 1916 ecclesiast.
1102 1884 1283 1915 saeculares
1300 1885 1333 1915 et
1348 1884 1523 1924 regulares
1539 1883 1574 1914 in
1588 1891 1692 1923 regno
1707 1882 1833 1915 Siciliae
1846 1884 1916 1915 tam
1929 1882 2015 1915 citra
2031 1891 2135 1923 quam
2150 1882 2241 1914 ultra
2252 1882 2381 1915 Fatum

779 1938 993 1974 constitutas,
1019 1947 1092 1977 quae
1116 1946 1183 1968 non
1210 1937 1362 1968 fecerunt
1390 1945 1426 1968 se
1457 1937 1499 1967 ad
1525 1937 1598 1968 ord.
1629 1936 1824 1976 promoveri
1849 1937 1949 1976 prout
1972 1935 2137 1968 beneficia
2160 1935 2381 1977 requirebant

778 1990 932 2030 ipsorum
949 1992 982 2022 et
997 1990 1176 2022 denunciet
1193 1998 1251 2021 eas
1269 1990 1354 2029 ipsis
1373 1989 1549 2021 beneficiis
1567 1989 1639 2021 fore
1654 1989 1817 2029 privatas.
1834 1989 1888 2030 (V.
1906 1990 1956 2028 70,
1975 1997 2029 2029 ep.
2051 1990 2086 2020 11
2107 1988 2145 2020 de
2158 1989 2240 2028 cur.)

825 2042 959 2073 12035.
977 2061 1017 2067 —
1032 2043 1217 2084 Raymzmdo
1231 2052 1302 2083 ep.o
1319 2042 1524 2074 Columbrien.
1542 2047 1571 2073 et
1586 2052 1690 2083 maqq.
1708 2042 1829 2073 Amelio
1851 2041 1888 2073 de
1901 2042 2049 2080 Berom'a,
2073 2052 2140 2075 can.
2169 2042 2333 2082 rarorum,
2348 2047 2380 2075 et

777 2097 951 2128 Baimundo
977 2096 1014 2127 de
1038 2097 1147 2134 Serra,
1172 2097 1287 2127 rectori
1311 2096 1437 2137 paroch.
1466 2095 1502 2127 de
1529 2095 1703 2134 Marvinlzs,
1732 2095 1900 2126 Ruthenen.
1926 2095 1985 2134 di„
2009 2095 2096 2134 eccl„
2128 2096 2169 2127 A.
2191 2096 2228 2128 S.
2247 2097 2377 2136 nuntiis,

778 2151 891 2181 mand.
909 2151 946 2181 ut
963 2150 1169 2189 compellant
1195 2149 1366 2181 debitores
1383 2158 1547 2181 censuum
1570 2149 1612 2181 R.
1629 2149 1669 2180 Ε.
1693 2149 1729 2180 in
1744 2149 1859 2189 regnis
1875 2150 1908 2181 et
1927 2149 2030 2181 terris
2047 2149 2138 2190 regis
2156 2149 2325 2188 Castelloe,
2340 2151 2380 2183 ut

777 2212 836 2235 eos
854 2204 976 2240 solvat,
994 2204 1096 2234 certis
1111 2203 1268 2234 terminis
1287 2203 1373 2243 ipsis
1388 2203 1615 2243 praefigendis.
1632 2202 1685 2244 (V.
1702 2204 1753 2241 70,
1771 2211 1824 2243 ep.
1842 2204 1880 2234 12
1895 2202 1932 2234 de
1947 2202 2029 2243 cur.)

823 2254 956 2285 12036.
982 2274 1020 2279 —-
1045 2256 1200 2296 Stephano
1229 2256 1265 2287 de
1290 2256 1384 2293 Pina,
1408 2255 1480 2286 cler.
1514 2256 1699 2286 Lemovicen.
1732 2255 1790 2291 di.‚
1821 2256 1933 2288 mand.
1967 2256 2059 2296 quod
2086 2256 2239 2297 inquirat
2261 2257 2379 2290 contra

775 2318 940 2348 personas
963 2309 1150 2340 ecclesiast.
1170 2309 1265 2350 regni
1289 2309 1424 2346 Siciliae,
1445 2317 1518 2349 quae
1540 2311 1658 2341 contra
1681 2308 1826 2340 formam
1847 2309 2102 2340 constitutionis
2125 2318 2228 2350 super
2251 2310 2377 2350 plural.

774 2362 885 2394 benef.
903 2363 1115 2394 retinuerunt
1130 2362 1294 2393 beneficia
1306 2362 1424 2402 eisque
1435 2362 1616 2394 denunciet
1632 2362 1811 2394 sententiis
1828 2362 1864 2393 in
1881 2362 1957 2403 ipsa
1976 2362 2219 2395 constitutione
2234 2363 2378 2404 prolatis

774 2416 876 2448 affici.
894 2415 948 2457 (V.
974 2418 1024 2454 70,
1046 2425 1098 2455 ep.
1116 2418 1164 2453 13,
1181 2415 1217 2446 de
1234 2416 1312 2455 cur.)

822 2467 955 2498 12037.
974 2486 1013 2492 —
1033 2468 1144 2499 Eidem
1155 2469 1300 2500 facultas
1317 2469 1504 2509 recipiendi
1522 2469 1652 2501 fructus
1668 2468 1880 2501 abbatiarum
1897 2478 1967 2501 vac.
1984 2469 2019 2501 in
2033 2478 2136 2510 regno
2150 2469 2286 2506 Siciliae,
2302 2479 2377 2511 quae

774 2532 841 2555 non
857 2525 936 2554 sunt
949 2522 1201 2554 conventuales.
1218 2522 1271 2563 (V.
1291 2524 1341 2560 70,
1360 2532 1413 2563 ep.
1432 2525 1482 2560 14,
1499 2522 1535 2553 de
1549 2523 1628 2563 cur.)

821 2573 957 2607 12038.
975 2594 1015 2599 -
1034 2576 1117 2617 May.
1143 2576 1236 2607 Petro
1261 2575 1434 2612 Denroclza,
1459 2575 1573 2607 decano
1595 2575 1667 2608 eccl.
1692 2575 1727 2607 de
1751 2574 1922 2616 Capdrolo,
1943 2575 2101 2607 sarlaten.
2122 2575 2180 2614 di„
2202 2576 2317 2608 mand.
2339 2577 2378 2609 ut

774 2630 863 2662 bona
886 2630 1011 2670 quond.
1033 2630 1126 2661 Petri
1148 2630 1347 2670 patriarchae
1369 2629 1639 2662 Jerosolimitan.
1663 2629 1746 2660 olim
1768 2629 1837 2669 ep.i
1860 2629 2064 2668 Ruthenen.,
2091 2639 2166 2670 quae
2189 2630 2232 2662 ad
2255 2637 2378 2662 manue

774 2684 876 2724 capit.
897 2683 1087 2715 Ruthenen.
1105 2685 1138 2715 et
1158 2683 1383 2723 quorumdam
1401 2683 1545 2715 aliorum
1560 2682 1757 2723 pervenisse
1776 2684 1974 2721 noscuntur,
1991 2682 2059 2714 sibi
2076 2683 2178 2715 faciat
2195 2683 2376 2724 assignari.

774 2737 827 2777 (V.
844 2739 894 2773 70,
911 2746 963 2777 ep.
985 2738 1034 2775 15,
1051 2736 1087 2767 de
1103 2747 1167 2769 cur.
1183 2746 1193 2773 ;
1213 2736 1342 2774 Coulon,
1358 2746 1391 2768 n.
1410 2737 1497 2776 960.)

820 2788 955 2820 12039.
975 2808 1013 2813 -
1033 2791 1220 2821 Processus
1241 2791 1357 2822 contra
1378 2790 1458 2822 illos
1479 2790 1537 2830 qui
1557 2789 1792 2829 spoliaverunt
1818 2798 1936 2821 ornnes
1960 2789 2152 2822 Romanam
2171 2789 2301 2822 curiam
2324 2799 2376 2823 se·

773 2845 916 2884 quentes
935 2844 971 2875 in
984 2843 1076 2875 civit.
1092 2844 1368 2883 carpentoraten.
1387 2843 1441 2882 (V.
1459 2844 1510 2879 70,
1528 2851 1579 2883 ep.
1600 2844 1649 2881 19,
1667 2843 1703 2873 de
1723 2853 1787 2873 cur.
1802 2852 1812 2880 3
1832 2842 1963 2881 Coulon,
1978 2851 2012 2874 n.
2025 2842 2112 2882 961.)

818 2896 830 2907 ”
858 2894 994 2927 12040.
1016 2913 1053 2918 -
1071 2897 1258 2928 Processus
1282 2898 1367 2928 inter
1391 2896 1578 2929 Robertum
1595 2896 1635 2927 de
1658 2897 1746 2928 Brus
1769 2905 1912 2937 regnum
1935 2896 2056 2928 Scotiae
2080 2895 2325 2937 gubernantem
2342 2897 2376 2929 et

774 2950 971 2981 Eduardum
993 2958 1106 2990 regem
1129 2949 1260 2989 Angliae
1280 2961 1285 2980 ε
1309 2950 1456 2981 citantur
1473 2949 1670 2981 Willelmus
1688 2958 1716 2980 s.
1737 2949 1893 2988 Andreae,
1912 2949 2113 2982 Willelmus
2128 2949 2374 2988 Dunchelden„

772 3003 941 3034 Henricus
960 3003 1126 3034 Arcaden.
1147 3004 1180 3034 et
1201 3002 1312 3034 David
1333 3002 1519 3034 Muravien.
1541 3002 1621 3042 ep.i,
1644 3002 1795 3034 fautores
1814 3003 1925 3043 ipsius
1941 3001 2094 3039 Roberti,
2112 3003 2151 3034 ut
2169 3003 2246 3034 ante
2259 3003 2376 3035 kalen·

773 3057 834 3087 das
851 3056 934 3087 maii
952 3065 1048 3096 prox.
1068 3057 1228 3088 venturas
1245 3057 1354 3096 apost.
1368 3056 1563 3096 conspectui
1576 3064 1612 3087 se
1627 3057 1843 3095 praesentent.
1864 3055 1917 3095 (V.
1936 3057 1986 3094 70,
1999 3063 2052 3096 ep.
2071 3056 2120 3093 18,
2135 3055 2173 3086 de
2186 3057 2266 3095 cur.)
