2566 3562
343 328 403 359 252

375 414 478 442 Datum
495 406 677 442 Avenione.

418 674 458 702 27
473 674 527 708 seb.
547 672 635 701 1321.

404 722 451 753 (111
467 717 525 746 kal.
546 716 647 752 mart.)

432 763 462 790 T.
482 762 528 796 XI,
549 762 620 789 XIII.

415 992 454 1021 28
471 992 525 1026 feb.
546 991 633 1020 1321.

410 1040 443 1072 (11
458 1036 516 1064 kal.
537 1036 638 1069 mart.)

459 1081 490 1108 T.
509 1081 592 1108 XXX.

486 1312 520 1341 Ut
540 1321 564 1340 s.

457 1356 487 1382 T.
509 1356 589 1383 XXX.

484 1417 522 1446 Ut
541 1426 565 1445 s.

428 1463 473 1490 Gr.
489 1470 541 1498 pro
557 1463 624 1490 Deo.

372 1951 384 1976 1
399 1950 482 1985 (kal.)
495 1953 577 1977 mart.
594 1950 681 1978 1321.

434 1995 464 2021 Τ.
483 1995 528 2029 x1,
549 1995 620 2022 xm.

488 2161 524 2188 Ut
537 2169 561 2189 s.

465 2206 495 2232 T.
514 2206 584 2234 XVI.

484 2269 520 2295 Ut
545 2277 568 2297 s.

476 2313 506 2340 T.
525 2313 580 2340 XX.

490 2373 526 2401 Ut
541 2382 564 2401 s.

434 2418 463 2445 T.
484 2418 529 2452 XI,
546 2418 617 2446 XIII.

487 2638 522 2666 Ut
541 2647 564 2666 s.

414 2682 444 2708 T.
463 2682 563 2715 CCLX,
584 2683 639 2710 XX.

739 318 911 351 JOANNJS
934 316 1052 348 PAPAE
1074 316 1176 347 xxn.
1199 316 1450 357 mem-1³³4).
1473 331 1512 338 -
1533 313 1720 346 LlTTenAE
1742 313 1968 346 communes
2008 330 2011 333 -

766 506 857 546 dign.
875 505 1105 537 cardinalatus
1116 514 1188 537 vac.
1204 523 1242 528 —
1258 505 1284 538 1.
1301 514 1332 537 e.
1349 514 1395 538 m.
1413 505 1528 546 capit„
1543 504 1704 536 vassallis
1721 505 1754 536 et
1772 504 1996 545 suffraganeis
2011 504 2092 537 eccl.
2106 506 2258 547 Aquen.;
2273 504 2365 538 clero

767 560 799 590 et
820 558 946 599 populo
959 558 1052 590 civit.
1067 559 1100 590 et
1117 557 1184 596 ‹1i.;
1200 557 1347 590 Roberto
1361 557 1433 599 regi
1444 557 1580 590 Sicilioe.
1597 558 1652 598 (A.
1669 558 1720 596 15,
1738 557 1762 589 f.
1781 558 1824 590 42
1836 563 1869 596 ·;
1891 556 1925 589 V.
1945 559 1995 596 71,
2011 565 2066 599 ep.
2082 559 2159 596 6⁴⁷3
2174 556 2294 595 Eubel,
2311 567 2363 600 op.

767 612 832 649 cic„
849 620 882 651 p.
900 612 971 647 200,
989 619 1022 642 n.
1038 612 1124 650 425.)

814 661 948 694 13012.
968 683 1006 688 -
1025 664 1147 696 Collat.
1170 673 1289 696 canon.
1317 663 1381 705 sub
1407 673 1504 705 exsp.
1526 663 1629 705 praeb.
1656 663 1737 696 eccl.
1757 663 1936 697 Vulteran.
1958 663 2054 696 Bereo
2076 663 2218 700 Accurni,
2241 663 2367 696 rectori

767 717 901 758 paroch.
924 717 1004 750 eccl.
1023 725 1051 749 s.
1070 717 1213 749 Andreae
1228 718 1269 749 de
1288 717 1442 754 Cellulis,
1460 717 1637 751 Vulteran.
1656 717 1718 755 di„
1741 717 1796 748 cui
1812 717 1896 749 olim
1915 717 2135 756 Bertrandus‚
2161 725 2190 749 s.
2213 707 2367 750 Marcelli

767 770 880 811 presb.
899 770 1004 808 card„
1023 771 1064 802 A.
1081 771 1115 803 S.
1134 771 1278 811 legatus,
1295 771 1331 802 in
1349 771 1439 803 dicta
1457 770 1538 803 eccl.
1555 770 1731 803 Vulteran.
1751 770 1904 803 similem
1920 769 2066 812 gratiam
2081 771 2308 809 concesserat,
2323 777 2367 802 ex

767 833 834 864 qua
848 823 981 856 nullum
998 823 1106 855 adhuc
1123 825 1175 856 est
1190 824 1405 856 commodum
1428 825 1605 856 assecutus
1612 832 1622 860 ;
1647 823 1802 856 irritatur
1818 823 2014 864 hujusmodi
2035 823 2156 864 gratia.
2173 839 2207 846 -
2226 822 2255 855 Ι.
2273 831 2303 855 0.
2318 830 2365 854 ιιι.

767 876 842 908 abb.
867 878 1012 909 monast.
1039 877 1079 909 de
1098 877 1206 915 Elmo‚
1230 877 1263 909 et
1286 885 1314 909 s.
1333 876 1426 909 Petri
1444 877 1485 909 de
1513 876 1661 914 Muchio,
1683 876 1859 909 Vulteran.
1876 876 1936 914 di„
1960 885 1999 909 ac
2019 876 2158 910 Thomae
2174 875 2216 909 de
2236 875 2366 912 Murro,

768 931 805 962 B.
823 930 867 962 Μ.
884 930 925 962 de
940 930 1030 962 Salis
1043 930 1229 963 Bituricen.
1245 929 1428 971 prioribus.
1448 930 1500 971 (A.
1521 931 1571 968 15,
1588 930 1611 961 f.
1627 932 1687 962 537
1699 935 1727 968 ²;
1749 929 1783 962 V.
1797 931 1847 969 72,
1864 939 1917 971 ep.
1935 930 2040 969 1537.)

815 980 950 1013 13043.
969 1001 1006 1006 -
1023 983 1107 1024 May.
1130 982 1248 1015 Amelio
1269 982 1306 1015 de
1321 983 1466 1021 Ber-onia,
1484 993 1552 1015 can.
1571 983 1739 1020 Turonen..
1755 987 1784 1015 et
1807 981 1982 1015 Raimundo
1997 981 2035 1014 de
2051 982 2161 1021 Serra,
2179 981 2291 1014 rectori
2311 990 2369 1024 pa-

768 1035 851 1067 roch.
869 1036 942 1067 eccl.
959 1035 996 1067 dc
1008 1036 1164 1075 Marvinh,
1178 1036 1350 1068 Ruthenen.
1366 1036 1423 1075 di„
1436 1037 1478 1069 A.
1489 1037 1523 1068 S.
1541 1036 1684 1074 nuntiis,
1696 1036 1809 1068 mand.
1822 1037 1859 1068 ut
1876 1035 1942 1068 sub
1957 1044 2056 1077 poena
2071 1044 2202 1068 excom.
2219 1033 2367 1076 compel-

768 1089 839 1121 lant
859 1090 1053 1122 detentores
1070 1090 1367 1130 eleemosynarum
1385 1098 1446 1131 per
1469 1089 1627 1122 Castellae
1647 1090 1680 1122 et
1702 1089 1864 1130 Legionis
1881 1097 1985 1130 regna
1999 1089 2230 1127 collectarum,
2250 1087 2368 1129 vigore

768 1143 986 1183 indulgentiae
1001 1152 1061 1183 per
1078 1143 1287 1175 Clementem
1301 1143 1370 1175 ΡΡ.
1385 1144 1416 1175 V
1433 1151 1613 1180 concessae,
1630 1142 1872 1175 tradendarum
1886 1151 1974 1183 mag.
1989 1142 2171 1183 hospitalis
2185 1151 2213 1174 s.
2224 1140 2369 1174 Joannis

767 1195 1037 1227 Jerosolimitani
1056 1204 1117 1235 pro
1132 1196 1332 1235 particulari
1349 1195 1508 1236 passagio
1527 1196 1564 1227 in
1583 1196 1696 1228 Terrae
1713 1195 1843 1228 Sanctae
1865 1194 2060 1227 subsidium
2075 1196 2110 1228 et
2131 1195 2238 1227 maris
2257 1195 2367 1227 custo·

769 1249 872 1287 diam,
888 1250 924 1280 ut
939 1248 1019 1281 illas
1034 1249 1101 1281 sibi
1115 1249 1310 1281 restituant.
1326 1249 1381 1290 (A.
1398 1251 1448 1287 14,
1464 1249 1487 1280 f.
1505 1250 1565 1282 266
1581 1254 1611 1286 ⁸5
1636 1248 1671 1281 V.
1689 1250 1738 1286 71,
1754 1257 1807 1289 ep.
1822 1249 1908 1288 408.)

816 1299 950 1332 13044.
969 1319 1007 1324 -
1024 1301 1114 1333 Eisd.
1132 1303 1246 1334 mand.
1264 1302 1378 1334 simile
1398 1311 1459 1342 pro
1475 1301 1705 1343 eleemosynis
1721 1310 1782 1342 per
1800 1301 2017 1340 Portugauiae
2032 1309 2176 1342 regnum
2196 1301 2235 1334 ut
2251 1310 2281 1334 s.
2299 1300 2369 1334 col-

769 1355 880 1387 lectis,
897 1355 951 1396 (A.
970 1357 1019 1393 14,
1035 1355 1058 1387 f.
1072 1357 1133 1388 266
1147 1355 1178 1392 1),
1198 1355 1231 1386 V.
1251 1355 1388 1396 ibidem.)

817 1406 952 1439 13045.
967 1427 1006 1431 -
1019 1409 1141 1450 Praep.,
1156 1412 1184 1439 et
1201 1409 1329 1450 majoris
1341 1418 1378 1439 ac
1388 1407 1425 1440 S.
1441 1408 1485 1449 M.
1501 1407 1544 1440 ad
1552 1407 1672 1440 Gradus
1687 1407 1845 1440 Colonien.
1860 1407 1983 1439 decanis
1999 1407 2072 1440 eccl.
2082 1407 2196 1440 mand.
2208 1408 2246 1440 ut
2260 1406 2371 1440 absol-

770 1463 849 1494 vant
864 1462 905 1493 ab
921 1471 1051 1494 excom.
1066 1462 1254 1494 Suederum
1269 1462 1309 1494 de
1325 1461 1620 1498 Werimersheim,
1639 1461 1752 1502 presb.
1769 1461 1944 1494 Colonien.
1963 1461 2024 1500 di„
2039 1461 2099 1502 qui
2112 1460 2196 1493 olim
2211 1469 2289 1494 cum
2302 1460 2371 1493 cui·

770 1515 847 1546 dam
866 1515 964 1546 fratri
982 1515 1021 1547 Ο.
1038 1515 1096 1554 Μ.,
1115 1515 1155 1547 de
1174 1515 1373 1556 Burgundia
1387 1515 1544 1553 oriundo,
1566 1517 1645 1547 tunc
1664 1515 1812 1547 Coloniae
1827 1515 1990 1552 studenti,
2006 1514 2192 1547 adhaereret
2206 1515 2244 1546 ut
2260 1513 2371 1547 famn-

769 1568 835 1606 lus,
854 1569 898 1599 id.
917 1569 1021 1600 frater
1036 1569 1126 1600 dicto
1142 1569 1256 1609 presb.
1272 1568 1432 1609 promisit
1450 1569 1631 1609 pecuniam
1654 1568 1685 1600 si
1705 1577 1766 1609 pro
1783 1577 1823 1600 eo
1840 1568 2013 1600 accederet
2028 1568 2065 1600 in
2082 1567 2316 1609 Burgundiam
2336 1568 2371 1602 et

770 1622 895 1654 faceret
917 1631 995 1654 eum
1022 1623 1125 1662 recipi
1149 1623 1185 1654 in
1211 1622 1350 1654 fratrem
1378 1622 1509 1655 ordinis
1529 1622 1689 1654 antedicti
1695 1631 1706 1659 ;
1731 1622 1790 1662 qui
1812 1621 1902 1654 sicut
1923 1621 2063 1663 ignarus
2086 1621 2243 1660 accessit,
2261 1622 2295 1654 et
2318 1629 2368 1654 re·

769 1684 889 1707 versus
909 1676 1061 1708 habiturn
1082 1676 1226 1708 fratrum
1243 1666 1483 1716 praedictorum
1504 1676 1634 1716 accepit
1654 1677 1687 1707 et
1702 1675 1739 1707 in
1752 1675 2002 1716 eoregularem
2021 1674 2271 1716 professionem
2285 1674 2369 1707 emi-

770 1730 815 1761 sit
832 1731 864 1761 et
882 1731 1001 1769 postea
1017 1729 1123 1761 exivit
1139 1730 1179 1761 de
1202 1730 1256 1761 sui
1279 1729 1468 1770 superioris
1482 1729 1633 1766 licentia,
1652 1729 1712 1761 sed
1727 1728 1817 1760 infra
1835 1729 1971 1769 tempus
1986 1728 2054 1760 sibi
2068 1727 2248 1769 praefixum
2263 1728 2370 1760 alium

770 1784 840 1815 ord.
862 1783 1086 1824 approbatum
1100 1792 1167 1814 non
1186 1783 1338 1820 intravit,
1356 1784 1389 1814 et
1405 1791 1466 1822 per
1479 1782 1656 1814 biennium
1672 1782 1708 1813 in
1722 1781 1846 1814 saeculo
1861 1782 2050 1822 permansit
2055 1792 2065 1820 ;
2082 1781 2240 1822 sequitur
2253 1781 2368 1815 mand.

769 1845 829 1877 pro
848 1837 959 1877 ipsius
974 1838 1164 1877 receptione
1177 1837 1212 1868 in
1225 1838 1371 1868 monast.
1388 1836 1429 1868 de
1444 1836 1571 1874 Tullio,
1592 1835 1632 1868 Ο.
1650 1836 1685 1868 S.
1702 1836 1755 1874 B.,
1773 1835 1870 1868 dictae
1886 1835 1932 1867 di.
1953 1836 2005 1875 (A.
2023 1836 2072 1873 15,
2091 1834 2115 1867 f.
2133 1836 2193 1867 377
2207 1840 2241 1872 ·;
2263 1833 2300 1867 V.
2317 1836 2368 1874 72,

769 1899 822 1930 ep.
841 1892 943 1929 1420.)

817 1941 950 1973 13046.
978 1961 1015 1966 —
1037 1943 1142 1984 Dieqio
1168 1943 1284 1974 notarii
1307 1942 1438 1974 ‚loannis
1463 1941 1499 1973 de
1527 1941 1705 1979 Calvanico,
1725 1941 1805 1973 cler.
1829 1942 2032 1974 Salernstan.
2054 1941 2114 1981 di„
2134 1941 2244 1982 gratia
2271 1950 2368 1983 exsp.

769 1997 879 2029 benef.
893 1998 944 2037 (20
957 2006 1032 2028 unc.
1048 1997 1147 2035 auri),
1164 1997 1206 2028 ad
1221 1997 1462 2037 cujuscumque
1476 1995 1590 2027 collat.
1606 1995 1745 2036 pertin„
1759 1995 1795 2026 in
1807 1995 1900 2027 civit.
1914 1995 1967 2027 vel
1983 1994 2029 2028 di.
2045 1994 2169 2027 Nolan.
2186 2010 2221 2017 ——
2238 1996 2266 2027 I.
2282 2004 2369 2029 e-m.

769 2051 914 2083 Geraldo
932 2051 972 2082 de
987 2051 1081 2088 Lalo,
1107 2051 1173 2081 ΡΡ.
1193 2059 1278 2089 cap.,
1296 2050 1561 2086 maromontem,
1577 2050 1610 2080 et
1626 2048 1772 2080 Henrico
1794 2048 1932 2086 Galioti,
1956 2048 2186 2088 Neapolitan.,
2203 2055 2242 2079 ac
2263 2047 2371 2079 Bene-

769 2105 870 2136 vento
888 2104 928 2135 de
944 2104 1115 2139 Murcone‚
1133 2103 1283 2143 Capuan.
1307 2103 1388 2134 eccl.
1403 2111 1476 2134 can.
1496 2102 1549 2142 (A.
1569 2103 1618 2139 14,
1637 2101 1660 2132 f.
1679 2103 1738 2134 345
1754 2101 1782 2139 ¹²3
1806 2100 1843 2133 V.
1860 2103 1912 2139 71,
1927 2109 1981 2142 ep.
1993 2101 2080 2142 487.)

816 2154 952 2188 13017.
969 2175 1006 2180 --
1022 2157 1175 2188 Licentia
1191 2156 1368 2188 recedendi
1386 2165 1406 2187 a
1421 2155 1524 2187 Curia
1541 2155 1569 2186 Τ
1567 2155 1663 2186 komae
1678 2154 1716 2186 el.
1735 2154 1939 2196 Corisopiten.
1958 2155 2011 2196 (A.
2029 2156 2079 2191 u,
2098 2154 2122 2186 f.
2138 2155 2198 2187 288
2212 2153 2243 2191 ¹⁹5
2265 2153 2303 2186 V.
2317 2154 2368 2192 71,

769 2220 822 2252 ep.
841 2211 927 2250 493.)
1834 2212 1839 2219 “

816 2261 952 2295 13048.
969 2282 1004 2286 -
1026 2263 1101 2294 Eid.
1122 2263 1222 2294 facul.
1240 2262 1426 2303 recipiendi
1440 2271 1565 2294 munus
1581 2261 1846 2294 consecrationis
1857 2270 2100 2302 aquocumque
2117 2261 2278 2293 maluerit
2291 2268 2368 2301 ep.o

769 2318 952 2358 provinciae
971 2318 1140 2349 Turonen.
1159 2317 1211 2358 (A.
1232 2319 1280 2352 14,
1294 2316 1317 2347 f.
1334 2317 1394 2347 288
1409 2315 1438 2353 1’;
1463 2315 1497 2346 V.
1514 2317 1564 2353 71,
1581 2324 1634 2356 ep.
1649 2314 1735 2355 494.)

817 2369 952 2402 13019.
968 2389 1008 2394 -
1025 2370 1157 2402 Roherto
1175 2374 1248 2401 nato
1269 2370 1386 2400 notarii
1410 2370 1541 2400 Joannis
1566 2369 1603 2400 de
1623 2367 1799 2406 Calvanico,
1825 2367 1906 2400 cler.
1933 2367 2136 2400 Salernitan.
2159 2367 2220 2406 di„
2245 2368 2370 2400 rectori

770 2425 850 2457 eccl.
868 2434 895 2456 s.
911 2426 930 2456 J
935 2425 1055 2457 oannis
1066 2425 1107 2455 de
1120 2423 1313 2464 Carpineto,
1329 2423 1508 2455 moxdictae
1519 2422 1578 2461 di„
1595 2423 1644 2463 (1v
1657 2431 1733 2454 unc.
1747 2421 1848 2461 auri),
1862 2421 1972 2462 gratia
1982 2429 2078 2462 exsp.
2093 2421 2207 2454 benef.
2225 2421 2280 2462 (20
2290 2429 2367 2454 unc.

770 2478 869 2518 auri),
888 2478 930 2510 ad
946 2478 1190 2518 cuiuscumque
1207 2477 1320 2508 collat.
1337 2476 1461 2516 pertin.
1480 2476 1516 2507 in
1533 2475 1625 2508 civit.
1642 2475 1697 2507 vel
1713 2474 1758 2506 di.
1773 2476 1940 2507 Aversan.
1958 2492 1993 2498 —
2012 2474 2038 2506 1.
2058 2483 2088 2506 e.
2103 2483 2150 2506 m.
2167 2474 2315 2507 Geraldo
2326 2474 2369 2507 do

770 2532 864 2569 Lalo‚
884 2532 1148 2568 claromonten„
1165 2531 1197 2562 et
1215 2530 1363 2562 Hemico
1382 2529 1535 2566 Galiotae‚
1554 2528 1782 2569 Neapolitan.,
1804 2537 1842 2560 ac
1856 2528 2048 2560 Benevento
2063 2528 2104 2560 de
2120 2528 2294 2565 Marcone,
2308 2528 2369 2561 Ca·

770 2594 872 2625 puan.
889 2593 961 2616 can.
977 2584 1059 2616 eccl.
1077 2583 1128 2623 (A.
1148 2584 1196 2620 14,
1214 2582 1237 2614 f.
1254 2584 1313 2615 289
1328 2582 1360 2619 ι’;
1385 2581 1418 2613 V.
1435 2584 1484 2619 71,
1499 2590 1552 2622 ep.
1570 2583 1656 2621 496.)

814 2637 825 2648 ”
849 2634 984 2667 13050.
1007 2655 1046 2659 -
1068 2637 1287 2669 Confirmatio
1306 2635 1547 2667 transactionis
1563 2634 1656 2666 initae
1674 2634 1738 2666 sub
1757 2634 1811 2666 die
1829 2639 1868 2666 x·
1889 2633 2085 2667 novembris
2101 2635 2181 2666 1319
2197 2633 2285 2666 inter
2298 2633 2367 2665 abb.

770 2696 799 2722 et
816 2701 901 2721 conv.
919 2696 1050 2722 monast.
1071 2689 1237 2725 Conchen.,
1260 2689 1294 2720 0.
1310 2689 1347 2721 S.
1362 2689 1417 2727 B.,
1432 2688 1605 2719 Rutlzenen.
1631 2688 1687 2725 di..
1709 2697 1751 2720 ex
1766 2697 1844 2726 una,
1859 2689 1893 2720 et
1904 2687 1972 2720 abb.
1995 2691 2024 2719 et
2040 2697 2126 2719 conv.
2143 2692 2273 2718 mona-st.
2295 2686 2369 2719 Val-

770 2745 937 2784 lz'smaqnae,
956 2744 1133 2776 Cistercien.
1149 2743 1229 2780 ord„
1242 2742 1399 2784 Aqatlzen.
1418 2741 1475 2780 daz,
1496 2742 1651 2783 partibus
1667 2750 1710 2774 ex
1728 2741 1844 2778 altera,
1863 2750 1966 2781 super
1980 2741 2134 2781 prioratu
2151 2750 2213 2772 seu
2227 2741 2309 2773 eccl.
2326 2741 2368 2774 do

770 2798 901 2833 palato,
928 2797 1036 2838 ejusd.
1059 2797 1225 2837 Agathen.
1243 2796 1302 2832 di,
1322 2796 1364 2828 ad
1382 2797 1527 2828 monast.
1545 2796 1712 2828 Conchen.
1737 2795 1875 2835 pertin„
1893 2803 1995 2835 quam
2011 2803 2055 2826 ex
2071 2794 2218 2835 quadam
2235 2802 2369 2826 conces-

770 2850 866 2882 sione
881 2851 1036 2891 Hugonis
1049 2849 1125 2881 abb.
1143 2851 1287 2881 monast.
1305 2849 1472 2881 Conchen.
1494 2848 1599 2880 abbas
1612 2850 1646 2880 et
1661 2857 1758 2880 conv.
1776 2849 1921 2880 monast.
1939 2847 2182 2888 Vallismagnae
2195 2846 2366 2884 tenebant,

771 2903 830 2934 sed
844 2903 949 2934 abbas
972 2905 1005 2934 et
1020 2912 1115 2934 conv.
1134 2904 1278 2934 monast.
1296 2902 1463 2934 Conchen.
1482 2901 1607 2933 dictam
1622 2900 1876 2933 concessionem
1892 2901 1933 2932 de
1945 2900 2022 2942 jure
2036 2908 2105 2932 non
2120 2908 2222 2940 posse
2238 2899 2366 2932 subsis-

770 2957 839 2987 tere
857 2956 1064 2988 asserebant.
1079 2956 1240 2996 Sequitur
1256 2956 1520 2987 instrumentum
1536 2955 1725 2987 consectum
1738 2954 1793 2986 die
1805 2959 1844 2985 ιι*
1858 2963 1935 2986 nov.
1957 2961 2045 2986 anno
2061 2954 2140 2985 1310
2154 2962 2257 2994 super
2277 2954 2367 2985 dicta
