2566 3562
346 329 404 360 256

379 419 482 447 Datum
495 413 675 447 Avem’one.

344 625 381 652 40
397 627 438 658 (vr
453 623 503 654 id.)
522 626 603 650 mart.
622 622 708 650 1321.

439 668 469 695 T.
488 668 544 702 XX,
560 667 615 694 XX.

481 995 514 1022 Ut
534 1003 557 1022 s.

473 1477 508 1504 Ut
532 1485 555 1505 s,

473 1852 510 1880 Ut
530 1860 554 1880 a.

477 1958 512 1986 Ut
533 1967 556 1986 s.

475 2014 508 2041 Ut
528 2022 551 2042 S.

333 2120 366 2145 Μ
387 2121 416 2153 (v
436 2119 486 2154 id.)
505 2125 585 2148 mart.
607 2122 696 2150 1321.

474 2439 508 2467 Ut
524 2448 546 2467 s.

420 2484 449 2510 T.
470 2484 526 2518 xx,
542 2485 597 2512 xx.

326 2755 360 2781 Μ
376 2756 409 2791 (ιι
429 2756 481 2791 id.)
498 2762 578 2785 mart.
603 2760 689 2787 1321.

415 2801 445 2828 T.
460 2802 505 2835 Xl,
524 2803 595 2830 Xlll.

467 2915 501 2942 Ut
521 2924 544 2942 s.

454 2958 484 2984 T.
504 2959 557 2986 XX.

748 323 921 355 JOANNIS
944 322 1062 353 PAPAE
1083 322 1186 353 xxn.
1210 323 1459 367 (ww-1:³34).
1481 340 1520 347 -
1542 321 1729 353 lar-rnna:
1751 303 1997 354 communes

768 523 847 546 vero
863 515 1040 546 vacaverat
1058 522 1119 554 per
1134 514 1382 554 promotionem
1398 514 1491 545 Petri
1507 522 1537 545 s.
1551 513 1713 554 Stephani
1727 513 1764 545 in
1778 512 2000 546 Coeliomonte
2014 514 2057 546 ad
2069 513 2161 556 dign.
2176 514 2366 547 cardinala-

766 569 833 599 tus.
852 568 905 604 (A.
923 569 971 604 1⁴,
986 567 1010 599 f.
1023 568 1118 604 ¹92³;
1141 567 1177 598 V.
1194 569 1244 604 71,
1262 575 1304 607 ep
1318 568 1404 606 436.)

813 617 946 650 13081.
965 638 1005 644 —
1018 619 1133 651 ,Ioanni
1147 619 1184 650 de
1198 620 1396 656 Castronovo,
1413 619 1531 651 archid.
1552 619 1664 651 Veteris
1675 618 1800 650 Moresii
1813 619 1847 650 in
1863 618 1939 651 eccl.
1959 618 2116 656 Talaum„
2132 624 2160 651 et
2174 620 2286 652 harno
2301 619 2365 652 Ra-

767 674 848 709 !erii,
859 674 962 712 priori
973 675 1132 715 prioratus
1145 673 1182 704 de
1194 672 1350 711 Gauleria,
1369 682 1406 704 ac
1415 672 1510 704 Petro
1521 673 1558 704 de
1573 672 1742 710 Mazeraco,
1755 682 1824 704 can.
1841 677 1972 704 monast.
1984 683 2009 705 ε.
2026 673 2189 711 Antonini,
2204 672 2240 704 0.
2255 673 2293 705 S.
2306 674 2362 711 A„

765 726 899 759 Albien.
921 728 953 759 et
969 727 1159 759 Ruthenen.
1177 726 1236 764 di.,
1251 726 1478 758 committitur
1493 726 1745 758 administratio
1765 727 1801 758 in
1816 725 2057 767 spiritualibus
2071 728 2104 759 et
2116 725 2364 768 temporalibus

765 782 910 812 monast.
929 789 956 812 s.
971 781 1144 813 Saturnini
1160 780 1333 816 Tolosam,
1351 780 1392 811 ad
1407 780 1450 812 R.
1462 780 1501 812 E.
1518 780 1612 812 nullo
1630 779 1742 812 medio
1754 779 1892 820 pertin„
1910 779 1950 812 O.
1966 780 2001 812 S.
2016 779 2071 818 A„
2088 779 2194 812 donec
2206 779 2365 813 Amelius

765 834 806 866 de
823 834 981 866 Lautrico
1001 834 1083 865 olim
1103 842 1206 874 praep.
1234 834 1380 865 monast.
1399 831 1629 870 BellImontis,
1648 833 1796 865 Vabren.
1816 833 1875 871 di.,
1896 833 2020 865 dictam
2038 833 2231 866 administr.
2247 842 2309 874 per
2324 841 2364 866 se

765 887 817 919 vel
833 895 893 927 per
908 887 1013 919 alium
1025 895 1181 919 exercere
1195 887 1315 918 valeat.
1331 905 1368 910 —
1383 887 1411 918 Ι.
1427 895 1457 918 e.
1473 895 1519 918 m.
1533 886 1640 927 priori
1651 888 1685 918 et
1698 895 1794 918 conV.
1807 887 1952 918 monast.
1965 895 1993 918 s.
2009 886 2184 919 Saturnini
2200 886 2362 919 Tolosan-

763 940 817 981 (A.
836 942 885 978 14,
902 940 925 972 f.
947 941 1006 973 192
1023 940 1053 977 ὓς
1077 939 1111 971 V.
1129 942 1179 975 71,
1199 949 1253 980 ep.
1275 939 1363 980 437.)

809 991 944 1024 13082.
965 1011 1003 1017 —
1022 993 1143 1025 Collat.
1167 994 1339 1034 prioratus
1363 993 1404 1025 de
1426 993 1630 1030 Laudaroat,
1652 993 1814 1025 Vasaten.
1837 993 1898 1030 di.,
1918 993 1960 1024 ad
1977 993 2091 1025 collat.
2110 992 2188 1024 abb.
2213 994 2360 1026 monast.

762 1056 790 1078 s.
809 1047 983 1079 Saturnini
1007 1047 1179 1084 Tolosan„
1200 1047 1238 1079 O.
1254 1047 1288 1079 S.
1309 1048 1364 1085 A.,
1382 1047 1521 1087 pertin,
1537 1055 1597 1087 per
1614 1045 1696 1078 obit.
1715 1047 1863 1087 Begonis
1880 1046 1921 1078 de
1938 1046 2144 1079 Cavomonte
2160 1045 2250 1087 apud
2264 1047 2301 1080 S.
2316 1047 2359 1080 A.
2384 1043 2388 1046 ’

761 1101 909 1132 defuncti
928 1110 1012 1137 vac,
1027 1099 1121 1131 Petro
1138 1111 1162 1131 s.
1179 1100 1333 1141 Stephani
1345 1100 1378 1130 in
1391 1099 1590 1132 Coeliomonee
1604 1099 1709 1141 presb.
1725 1098 1824 1138 card„
1841 1099 1877 1132 S.
1891 1100 1931 1131 R.
1949 1099 1993 1131 Ε.
2008 1098 2269 1139 υἰεεεαηεεὶἱανίο,
2283 1107 2363 1132 cum

761 1155 911 1194 dispens.
933 1163 952 1185 a
975 1154 1125 1195 generali
1145 1153 1288 1185 concilio
1311 1162 1413 1194 snper
1437 1153 1758 1193 incompatibilitate
1775 1153 1899 1194 plural.
1924 1153 2036 1186 benef.
2047 1163 2058 1191 ς
2077 1162 2147 1190 ,non
2163 1153 2251 1186 obst.
2271 1153 2363 1194 quod

759 1208 919 1239 Sicardns
936 1208 976 1239 de
990 1207 1149 1245 Mairaco,
1165 1207 1379 1245 domicellus,
1397 1207 1491 1238 filius
1509 1206 1640 1238 Sicardi
1653 1199 1871 1247 de,Mairac0‚
1887 1207 2137 1246 Petragoricen.
2151 1206 2213 1245 di.,
2227 1207 2362 1247 partem

760 1261 930 1301 prioratus
941 1261 1049 1301 ejusd.
1065 1269 1140 1292 cum
1154 1260 1359 1300 quibusdam
1371 1259 1542 1296 domibus,
1557 1259 1734 1291 fortalitiis
1747 1259 1781 1291 et
1794 1259 2074 1300 possessionibus
2086 1259 2198 1300 ipsius
2212 1260 2365 1292 detineat

760 1316 968 1355 occupatam,
998 1314 1192 1354 multasque
1214 1313 1441 1354 proprietates
1467 1313 1558 1344 ultra
1574 1314 1614 1344 20
1632 1312 1694 1344 lib.
1713 1314 1781 1344 tur.
1806 1313 1874 1344 sibi
1898 1313 2138 1354 appropriasse
2157 1312 2300 1346 dicatur.
2322 1331 2362 1336 —

758 1369 784 1400 I.
801 1377 830 1399 e.
850 1377 894 1399 m.
914 1377 990 1408 ep.0
1006 1368 1181 1405 Vasaten„
1198 1368 1231 1398 et
1247 1367 1433 1399 Guillelmo
1446 1367 1487 1398 de
1502 1366 1616 1398 Pratis
1633 1375 1672 1398 ac
1686 1367 1788 1398 Petro
1801 1366 1842 1398 de
1855 1366 2046 1404 Galetiano,
2065 1375 2138 1398 can.
2154 1366 2236 1399 eccl.
2251 1367 2366 1408 Agen-

759 1431 836 1453 nen.
857 1422 908 1460 (A.
934 1423 982 1459 15,
1004 1421 1027 1452 f.
1043 1422 1084 1453 62
1101 1420 1133 1457 ¹³3
1159 1420 1196 1452 V.
1216 1421 1266 1458 72,
1283 1429 1337 1460 ep.
1354 1421 1438 1459 748.)

804 1472 939 1505 13083.
957 1492 996 1498 -
1013 1474 1142 1505 Nicolao
1157 1483 1227 1513 ep.o
1244 1473 1358 1505 Ostien.
1381 1482 1473 1505 conc.
1491 1473 1594 1505 facul.
1610 1473 1830 1505 construendi
1845 1474 1879 1505 et
1895 1473 2060 1505 fundandi
2076 1474 2222 1505 monast.
2239 1473 2363 1505 sancti-

758 1529 960 1560 monialium
985 1537 1059 1568 quae
1087 1527 1271 1559 secundum
1294 1527 1453 1559 instituta
1479 1528 1511 1558 et
1540 1526 1604 1558 sub
1627 1527 1811 1567 disciplina
1832 1527 1866 1558 et
1890 1526 2097 1559 correctione
2125 1526 2269 1558 fratrum
2286 1525 2365 1559 ord..

758 1583 861 1622 praed.
878 1583 993 1613 vivere
1012 1581 1156 1613 debeant
1173 1581 1208 1612 in
1225 1582 1318 1612 terra
1334 1580 1440 1618 Prati,
1461 1589 1478 1612 e
1496 1589 1564 1621 qua
1579 1580 1686 1612 traxit
1702 1579 1881 1620 originem,
1901 1580 2084 1612 Pistorien.
2103 1579 2150 1611 di.
2168 1598 2207 1603 —
2221 1579 2248 1612 1.
2265 1587 2296 1612 e.
2312 1587 2359 1612 m.

758 1645 832 1676 ep.o
848 1636 1020 1672 Fesulan„
1038 1637 1071 1666 et
1086 1644 1173 1675 mag.
1197 1634 1307 1666 Bindo
1327 1634 1367 1666 de
1385 1634 1494 1671 Senis,
1520 1642 1623 1674 praep.
1647 1633 1727 1666 eccl.
1751 1633 1942 1671 colonien„
1957 1633 2026 1665 ΡΡ.
2043 1635 2128 1671 not„
2143 1642 2182 1665 ac
2198 1633 2366 1666 Rainerio

758 1689 901 1730 plebano
927 1689 1038 1730 plebis
1063 1697 1089 1720 s,
1117 1688 1216 1719 Pauli
1241 1688 1276 1719 in
1299 1688 1422 1725 Rosso,
1440 1687 1600 1719 Fesulan.
1620 1687 1682 1725 di.,
1703 1687 1830 1727 quibus
1853 1687 1967 1718 mand.
1990 1688 2028 1719 ut
2049 1687 2091 1719 de
2109 1686 2367 1719 constructione—

757 1743 909 1783 praedicti
928 1745 1072 1774 monast.
1092 1742 1203 1773 eumd.
1224 1750 1337 1781 ep.um
1352 1741 1485 1773 Ostien.
1502 1749 1568 1773 non
1583 1741 1783 1780 permittant
1799 1749 1818 1771 a
1831 1740 2021 1772 dioecesano
2035 1741 2068 1772 et
2081 1741 2211 1772 rectore
2225 1738 2364 1780 paroch-

758 1797 838 1828 eccl.
851 1797 947 1828 dictae
960 1798 1058 1827 terrae
1072 1795 1231 1835 impediri
1248 1795 1301 1826 vel
1318 1795 1420 1826 etiam
1437 1794 1642 1834 perturbari.
1657 1793 1709 1834 (A.
1727 1795 1776 1831 15,
1796 1794 1821 1824 f.
1839 1794 1896 1825 187
1912 1793 1941 1831 ὓς
1965 1792 1999 1824 V.
2015 1795 2065 1829 72,
2082 1802 2135 1833 ep.
2152 1795 2238 1832 965.)

803 1847 938 1879 13084.
955 1866 992 1871 -
1006 1849 1133 1890 Huqoni
1146 1848 1343 1889 Raymbaldi,
1360 1848 1439 1880 cler.
1456 1848 1497 1880 de
1513 1848 1640 1879 Naiaco
1656 1847 1847 1879 Ruthenen.
1864 1847 1924 1884 di.,
1938 1855 2030 1878 conc.
2045 1846 2289 1879 tabellionatus
2303 1846 2363 1879 off.

758 1903 810 1943 (V.
826 1906 874 1941 71,
895 1903 919 1935 f.
937 1904 996 1934 306
1011 1903 1048 1941 a.)
1565 1911 1570 1915 ·

803 1954 938 1986 13085.
955 1974 994 1979 -
1012 1956 1102 1986 Petro
1118 1955 1272 1996 Huyonis,
1288 1955 1367 1987 cler.
1387 1955 1540 1986 Castren.
1558 1955 1618 1992 di.,
1634 1963 1727 1986 conc.
1744 1954 1790 1985 id.
1807 1954 1863 1986 off.
1879 1953 1932 1993 (V.
1948 1956 1999 1992 71,
2016 1953 2040 1984 f.
2055 1955 2116 1986 306
2129 1953 2171 1994 ·.)

802 2008 936 2039 13086.
958 2028 994 2032 -
1012 2009 1103 2039 Petra
1120 2009 1277 2050 Aymerici
1288 2008 1325 2039 de
1336 2009 1512 2045 Manuasca,
1531 2007 1612 2039 cler.
1630 2016 1698 2039 non
1714 2007 1892 2048 conjugato
1911 2007 2108 2039 Sistaricen.
2122 2006 2182 2044 di.,
2199 2015 2291 2038 conc.
2309 2005 2362 2038 id.

757 2064 812 2095 off.
830 2063 883 2103 (V.
902 2065 953 2103 71,
975 2063 998 2093 f.
1016 2064 1074 2094 306
1091 2064 1128 2101 ἢ.)

803 2113 937 2146 13087.
955 2135 992 2139 »-
1011 2116 1123 2146 Mand.
1142 2115 1211 2145 abb.
1229 2119 1359 2146 monast.
1381 2124 1405 2146 s,
1426 2114 1588 2145 Laurentii
1607 2113 1645 2144 de
1668 2113 1802 2144 Abbalia
1820 2117 1849 2144 et
1867 2113 1971 2154 priori
1986 2112 2023 2143 de
2047 2112 2196 2151 Caritate,
2218 2112 2254 2144 S.
2273 2112 2314 2144 A.
2329 2117 2359 2144 et

758 2169 936 2201 Cluniacen.
951 2168 1032 2207 ord„
1048 2168 1280 2200 Autisiodoren.
1298 2168 1352 2204 di.,
1363 2169 1399 2199 ut
1413 2168 1621 2199 monasterio
1633 2166 1834 2198 monialium
1845 2167 1883 2198 B.
1895 2167 1941 2198 M.
1958 2167 1999 2198 de
2009 2166 2187 2202 Crisnone‚
2203 2166 2242 2199 Ο.
2255 2166 2291 2199 S.
2303 2167 2358 2203 Β.,

755 2224 862 2264 eJusd.
882 2223 941 2261 di.,
959 2232 1019 2263 per
1034 2222 1114 2254 obit.
1130 2221 1322 2262 Margaritae
1335 2221 1375 2252 de
1388 2221 1495 2252 Dives
1507 2220 1618 2260 ipsius
1634 2221 1780 2252 monast.
1795 2219 1987 2257 abbatissae,
2003 2228 2042 2251 ac
2056 2228 2117 2260 per
2131 2219 2360 2252 cassationem

755 2277 932 2309 electionis
947 2276 1098 2307 Matildis
1116 2276 1157 2307 do
1176 2275 1318 2306 Arsiaco
1336 2275 1369 2306 et
1387 2275 1526 2306 Joannae
1544 2274 1584 2305 de
1605 2273 1759 2314 Taulayo
1783 2282 1821 2305 ac
1837 2273 2071 2314 provisionem
2090 2273 2290 2305 auctoritate
2305 2281 2363 2304 or-

754 2331 885 2362 dinaria
901 2330 1024 2361 factam
1046 2329 1161 2360 favore
1176 2329 1319 2369 Agnetis
1338 2328 1378 2359 de
1398 2328 1525 2365 Minex,
1543 2328 1630 2358 auct.
1650 2328 1761 2367 apost.
1782 2328 1963 2362 cassatam,
1979 2335 2065 2363 vac„
2077 2326 2119 2358 de
2134 2326 2252 2367 aliqua
2265 2334 2356 2367 pers.

754 2384 875 2415 idonea
890 2383 1100 2423 provideant.
1121 2382 1173 2422 (A.
1193 2384 1242 2420 15,
1259 2382 1281 2412 f.
1299 2383 1338 2413 70
1354 2387 1383 2419 ³3
1405 2381 1438 2412 V.
1454 2383 1504 2417 71,
1523 2389 1574 2420 ep.
1591 2381 1680 2420 550.)
2331 2381 2333 2383 ’

799 2434 934 2467 13088.
953 2455 990 2460 -
1009 2436 1141 2467 loannes
1165 2435 1266 2473 Petri,
1289 2434 1415 2466 archid.
1432 2434 1473 2466 de
1496 2433 1634 2474 Campis
1652 2433 1687 2464 iu
1702 2433 1783 2465 eccl.
1801 2433 1983 2469 Palentin.,
1997 2433 2035 2464 fit
2052 2432 2128 2464 abb.
2143 2432 2258 2464 saecul.
2272 2432 2359 2465 eccl.

753 2491 792 2522 de
812 2490 1007 2527 Valleoleti,
1024 2489 1192 2520 Palentin.
1211 2489 1271 2525 di.,
1288 2497 1360 2519 vac.
1379 2496 1439 2527 per
1453 2487 1703 2527 promotionem
1720 2487 1864 2518 Joannis
1878 2487 1921 2518 ad
1935 2486 2168 2526 episcopatum
2185 2485 2356 2517 Palentin.

752 2546 783 2576 et
797 2544 1072 2576 renunciationes
1089 2552 1149 2583 per
1162 2543 1296 2582 Lupum
1312 2541 1441 2573 Garsiae
1457 2541 1647 2578 sacristam,
1667 2549 1728 2580 per
1739 2541 1871 2580 partem
1881 2540 1981 2580 capit.
1995 2539 2218 2580 postulatum,
2230 2540 2264 2571 et
2273 2539 2357 2572 For-

751 2598 837 2629 tium
853 2598 973 2630 Orticii
988 2597 1137 2637 priorem
1155 2596 1263 2636 eJ'usd.
1281 2595 1395 2627 saecul.
1415 2594 1508 2631 eccl„
1525 2603 1586 2634 per
1600 2594 1704 2625 aliam
1726 2594 1859 2634 partem
1875 2593 2032 2628 electum,
2047 2593 2155 2624 factas
2171 2593 2357 2634 postquam

751 2651 792 2682 ad
808 2651 841 2682 S.
859 2652 899 2682 A.
917 2660 978 2691 pro
1003 2650 1244 2690 postulationis
1272 2651 1304 2680 et
1323 2648 1498 2680 electionis
1521 2656 1640 2679 eorum
1657 2647 1784 2688 negotii
1799 2646 2037 2687 prosecutione
2059 2645 2296 2678 accessissent.
2315 2663 2363 2675 —.

750 2704 775 2736 I.
794 2713 823 2735 e.
850 2714 895 2735 m.
917 2704 1016 2744 capit.
1034 2704 1130 2735 dictae
1146 2703 1260 2734 saecul.
1279 2702 1359 2734 eccl.
1376 2702 1429 2743 (A.
1448 2703 1496 2739 15,
1512 2701 1534 2732 f.
1552 2703 1612 2733 533
1630 2701 1664 2738 ¹³5
1687 2700 1721 2731 V.
1741 2701 1791 2738 72,
1806 2708 1859 2741 ep.
1880 2700 1989 2739 1523.)

794 2755 929 2787 13089.
949 2774 987 2780 -
1004 2750 1123 2789 Collat.
1140 2764 1258 2788 canon.
1283 2755 1346 2787 sub
1360 2764 1456 2795 exsp.
1472 2754 1575 2795 praeb.
1594 2754 1676 2786 eccl.
1694 2754 1822 2786 Fanen.
1843 2753 1937 2784 Petro
1955 2752 2158 2793 Huqolinucii
2173 2752 2210 2783 de
2224 2762 2250 2783 s.
2273 2751 2355 2790 Vita„

748 2810 891 2849 plebano
910 2810 1021 2850 plebis
1036 2811 1076 2842 de
1097 2819 1125 2841 s.
1142 2809 1222 2842 Vito
1240 2818 1268 2841 c.
1285 2818 1326 2847 c.‚
1345 2810 1472 2840 Fanen.
1491 2809 1536 2839 di.
1556 2825 1595 2830 —
1615 2808 1642 2839 I.
1662 2816 1691 2839 e.
1709 2816 1755 2839 m.
1774 2806 1988 2848 Senogalien.
2011 2807 2043 2838 et
2057 2805 2352 2838 Forosinfronien.

748 2864 845 2903 ep.iS,
863 2873 899 2895 ac
913 2864 987 2895 abb.
1003 2865 1149 2895 monast.
1167 2872 1195 2894 s.
1209 2862 1384 2894 Laurentii
1401 2862 1436 2893 in
1448 2862 1586 2902 Campo,
1600 2863 1728 2893 Fauen.
1745 2861 1791 2892 di.
1803 2860 1858 2902 (A.
1872 2862 1922 2898 15,
1934 2860 1958 2892 f.
1973 2861 2014 2891 82
2024 2853 2057 2897 1¹5
2079 2859 2117 2891 V.
2133 2861 2184 2898 71,
2199 2867 2252 2899 ep.
2265 2860 2355 2898 616.)

793 2915 927 2946 13080.
947 2935 985 2940 —-
1001 2917 1184 2949 Concessio
1201 2916 1389 2956 recipiendi
1407 2924 1532 2947 munus
1551 2914 1819 2947 consecrationis
1840 2922 1859 2945 a
1880 2913 2002 2954 quovis
2024 2912 2177 2944 antistite
2193 2911 2351 2944 Marchiae

748 2970 947 3002 Anconitan.
964 2971 1057 3001 Petro
1071 2970 1139 3002 abb.
1153 2980 1176 3000 s.
1194 2970 1309 3000 Donati
1320 2969 1356 3000 de
1370 2969 1450 3010 Polp
1457 2969 1526 3000 iano
1541 2973 1569 2999 et
1583 2979 1606 3000 s.
1622 2967 1844 2999 Bartholomaei
1858 2966 1894 2998 de
1907 2966 2048 2998 Petrorio
2059 2970 2188 2997 monast.
2207 2965 2355 2996 canonice
