2566 3562
322 334 381 365 356
733 326 908 358 JOANNIS
932 325 1050 356 PAPAE
1072 324 1175 356 xxii.
1199 326 1450 364 <mm-1334).
1472 341 1511 348 —-
1533 323 1720 355 LITTERAE
1743 324 1796 356 DE
1816 323 1942 359 CURIA

356 422 458 449 Datum
477 413 662 449 Avenione.

749 517 839 548 lares
859 525 964 555 pers,
993 516 1109 552 duces,
1140 514 1326 555 principes,
1353 514 1618 546 communitates
1647 523 1686 546 ac
1710 514 1856 555 populos
1884 523 1955 546 suae
1980 514 2173 555 legationis,
2199 514 2360 557 ligasque

748 571 851 602 etiam
867 571 899 601 et
917 569 1210 601 confederationes
1228 576 1347 599 eorum
1361 567 1584 600 dissolvendi.
1597 568 1652 608 (A.
1681 570 1730 606 14,
1747 567 1770 599 t’.
1783 569 1845 600 470
1863 573 1894 605 ·;
1919 566 1954 599 V.
1969 569 2021 606 71,
2034 576 2088 609 ep.
2101 569 2143 601 07
2156 567 2194 600 de
2208 568 2292 610 cur.)

323 628 341 655 6
360 628 428 663 (vm
450 627 502 661 id.)
521 634 584 653 nov.
605 625 694 653 1320.
796 621 933 653 14173.
953 641 991 646 -
1015 621 1127 654 Eidem
1151 621 1253 653 facul.
1271 621 1458 662 recipiendi
1475 621 1723 661 resignationes
1739 629 2032 662 quorumcumque
2046 621 2159 654 benef.
2179 630 2251 655 suae
2265 621 2359 664 lega-

748 677 854 709 tionis
871 686 973 708 causa
986 676 1277 716 permutationum
1294 674 1467 707 faciendas
1482 674 1624 715 ipsaque
1642 674 1753 706 benef.
1766 674 1865 715 Juxta
1878 674 1989 707 dictas
1998 675 2270 716 permutationes
2282 683 2360 708 con-

750 730 892 762 ferendi.
913 730 966 771 (A.
991 731 1040 767 14,
1059 729 1081 761 f.
1098 730 1159 761 470
1177 728 1215 765 ¹‘;
1247 727 1278 760 V.
1299 730 1350 765 71,
1368 736 1422 768 ep.
1437 729 1478 760 ⁶8
1494 727 1530 758 de
1549 727 1659 768 curia.)

466 786 502 814 Ut
518 795 541 813 s.
797 781 931 813 14174.
958 802 997 806 -
1017 781 1134 815 Facul.
1152 782 1213 813 eid.
1237 781 1337 822 leyato
1357 781 1580 822 dispensandi
1595 790 1673 813 cum
1694 781 1810 813 decem
1832 781 1918 813 viris
1933 782 1967 814 et
1988 781 2132 814 totidem
2153 781 2360 815 mulieribus

750 838 900 877 partium
922 846 991 868 suae
1015 836 1196 877 legationis
1213 841 1257 867 1v⁰
1281 835 1503 876 consanguin.
1522 836 1555 867 et
1572 834 1752 867 affinitatis
1768 834 1876 876 gradu
1891 835 1927 867 in
1946 835 2096 868 matrim.
2111 835 2354 868 contrahendo.

752 891 804 930 (A.
825 892 873 929 14,
888 891 910 922 f.
926 892 984 922 471
996 896 1010 911 ²
1022 900 1029 906 ·
1054 889 1087 922 V.
1104 892 1156 926 71,
1172 898 1225 929 ep.
1240 891 1280 921 69
1295 888 1332 920 de
1345 889 1459 928 curia.)

474 947 507 975 Ut
529 956 551 974 s.
799 942 935 974 14175.
954 962 991 967 -
1006 944 1132 975 Indult.
1160 943 1220 975 eid.
1238 942 1339 984 leqato
1357 944 1394 974 ut
1411 942 1490 974 cler.
1506 942 1617 982 ipsius
1633 942 1809 983 obsequiis
1821 942 2033 980 insistentes,
2051 942 2216 984 quamdiu
2233 942 2360 984 legatio

753 998 901 1036 durabit,
921 998 1051 1029 fructus
1065 997 1218 1028 omnium
1233 996 1344 1028 benef.
1363 1004 1505 1028 suorum
1527 995 1656 1036 absque
1670 996 1856 1029 residentia
1873 996 2050 1037 percipere
2070 996 2216 1028 valeant.
2233 1013 2274 1020 -
2285 996 2314 1029 1.
2328 1004 2360 1029 ο.

751 1060 796 1083 m.
817 1051 893 1082 abb.
919 1052 1065 1083 monast.
1085 1059 1113 1082 s.
1131 1050 1242 1091 Sergii
1260 1050 1491 1090 Andagaven„
1509 1051 1542 1081 et
1559 1049 1687 1081 archid.
1705 1049 1862 1082 Pardiaci
1878 1049 2055 1088 Auxitan„
2073 1058 2111 1082 ac
2128 1049 2282 1082 sacristae
2297 1049 2360 1083 Ur·

751 1105 963 1146 gellen eccl.
981 1099 1035 1144 (Α.
1060 1106 1110 1142 14,
1128 1104 1152 1135 f.
1166 1106 1225 1136 471
1243 1109 1278 1140 ⁸;
1303 1103 1339 1135 V.
1357 1105 1408 1140 71,
1427 1111 1480 1143 ep.
1495 1103 1534 1134 70
1548 1102 1586 1134 de
1599 1103 1679 1143 cur.)

469 1161 506 1189 Ut
526 1170 548 1188 s.
799 1154 934 1186 14176.
953 1175 992 1180 -
1005 1157 1150 1188 Indictio
1163 1158 1362 1196 treugarum
1378 1156 1420 1187 ad
1439 1156 1525 1188 duos
1543 1164 1652 1187 annos
1669 1155 1757 1188 inter
1772 1164 1805 1186 n.
1822 1164 1855 1186 v.
1872 1149 2094 1188 Benedictum
2107 1156 2304 1197 Gaytanum
2319 1155 2362 1188 de

755 1211 922 1251 Anagnia,
951 1211 1109 1242 comitem
1137 1210 1341 1250 palatinum,
1360 1209 1484 1241 fratres
1499 1209 1642 1249 eiusque
1659 1209 1770 1240 filium
1785 1217 1828 1241 ex
1845 1211 1942 1250 parte
1957 1218 2036 1246 una,
2054 1211 2089 1242 et
2113 1219 2148 1242 n.
2171 1219 2203 1242 v.
2221 1208 2363 1251 Stepha-

755 1273 836 1295 num
859 1265 900 1296 de
919 1264 1086 1296 Columna
1110 1263 1262 1301 fratrem,
1282 1263 1393 1294 filium
1414 1263 1556 1303 ejusque
1582 1263 1753 1303 nepotem,
1769 1271 1812 1294 ex
1826 1263 1944 1301 altera,
1962 1263 1994 1295 si
2008 1262 2162 1296 libertati
2179 1263 2361 1296 restitutus

749 1318 820 1358 jam
849 1318 974 1349 existat
1000 1317 1163 1357 praefatus
1180 1325 1294 1348 comes
1314 1317 1373 1357 qui
1388 1316 1429 1348 de
1445 1316 1583 1348 civitate
1601 1316 1765 1357 Anagniae
1778 1325 1900 1348 versus
1915 1316 2035 1355 senas,
2054 1317 2303 1358 capstaneatus,
2317 1315 2362 1349 ad

755 1372 845 1411 quod
875 1371 1034 1403 extiterat
1065 1372 1275 1411 assumptus,
1306 1371 1550 1411 prosecuturus
1569 1370 1638 1408 off„
1658 1370 1810 1411 dirigens
1834 1379 1975 1411 gressus
1992 1379 2074 1402 suos
2091 1371 2126 1403 et
2146 1379 2208 1412 per
2231 1373 2363 1406 terram
2497 1404 2502 1415 ,λ

754 1424 958 1456 Patrimonii
984 1425 1022 1455 B.
1051 1424 1145 1455 Petri
1175 1423 1211 1454 in
1239 1423 1365 1455 Tuscia
1386 1423 1571 1455 discrimen
1598 1423 1738 1464 aliquod
1767 1432 1835 1455 non
1861 1423 2062 1462 formidans,
2079 1433 2141 1465 per
2165 1422 2363 1465 iniquitatis
2424 1454 2427 1455 ⁷
2486 1418 2494 1462 ᾖ

755 1478 866 1509 filium
883 1477 1056 1510 Turellam
1075 1477 1183 1509 civem
1198 1476 1389 1509 viterbien.
1408 1478 1528 1517 captus
1546 1477 1612 1509 fuit
1627 1478 1660 1509 et
1677 1477 1767 1509 dicto
1783 1477 1954 1518 Stephano
1974 1478 2154 1510 remissus.
2171 1478 2249 1510 -1.
2263 1485 2295 1510 e.
2313 1485 2361 1510 m.

754 1531 830 1562 abb.
850 1533 992 1563 monast.
1008 1540 1036 1562 s.
1053 1531 1165 1567 Pauli,
1183 1532 1215 1562 et
1232 1530 1418 1563 Guillelmo
1433 1531 1602 1566 Gervasii,
1619 1539 1693 1562 can.
1709 1531 1791 1563 eccl.
1807 1539 1835 1563 s.
1851 1531 2007 1569 Caeciliae,
2023 1531 2064 1564 de
2079 1531 2185 1569 Urbe,
2200 1533 2239 1564 ut
2251 1531 2363 1564 dictas

754 1586 892 1625 treugas
909 1585 1108 1616 solemniter
1126 1584 1313 1624 publicent.
1330 1584 1383 1623 (A.
1410 1587 1458 1621 14,
1475 1584 1499 1615 f.
1514 1585 1575 1616 ⁴00
1589 1589 1619 1621 ²3
1641 1584 1678 1616 V.
1693 1586 1743 1623 71,
1758 1593 1811 1625 ep.
1825 1586 1865 1616 78
1881 1585 1921 1622 Α,
1936 1584 1974 1616 de
1987 1595 2066 1621 cur„
2081 1585 2241 1623 Theiner.
2257 1584 2364 1618 Codex

754 1638 978 1679 diplomaticus,
995 1640 1020 1670 t.
1041 1639 1068 1676 I,
1086 1647 1119 1678 p.
1136 1640 1208 1673 ⁴99,
1226 1638 1299 1669 doc.
1314 1638 1481 1678 DCLIX.)

470 1696 506 1723 Ut
527 1704 549 1723 s.
799 1690 935 1722 14177.
953 1710 991 1715 —
1018 1691 1180 1722 Praedictis
1196 1691 1407 1722 executoribus
1423 1691 1537 1723 mand.
1557 1693 1594 1723 ut
1611 1692 1805 1724 detentores
1826 1692 2031 1733 compellant
2056 1692 2100 1724 ad
2113 1692 2362 1725 relaxationem

754 1755 785 1776 n.
817 1755 848 1776 v.
878 1746 1051 1777 Benedicti
1074 1746 1222 1786 Gaytani
1245 1745 1286 1776 de
1303 1745 1470 1786 Anagnia,
1494 1745 1630 1777 comitis
1646 1746 1801 1785 palatini,
1818 1745 1882 1777 sub
1897 1754 1996 1787 poena
2011 1754 2142 1778 excom.
2160 1746 2195 1778 in
2210 1755 2303 1787 pers.
2329 1747 2364 1779 et

753 1799 927 1831 interdicti
943 1799 978 1830 in
995 1799 1107 1831 locum
1127 1808 1187 1830 seu
1204 1799 1279 1830 loca
1290 1799 1326 1830 in
1341 1798 1466 1839 quibus
1478 1799 1648 1831 detinetur
1661 1801 1694 1831 et
1711 1808 1798 1840 quae,
1817 1799 2047 1832 obedientiam
2060 1800 2128 1840 ipsi
2144 1799 2359 1840 denegantis,

752 1853 865 1884 mand.
886 1853 1050 1893 Stephani
1067 1853 1108 1884 de
1133 1853 1300 1884 Columna
1317 1852 1470 1892 praedicti
1489 1852 1668 1893 parebunt.
1686 1853 1740 1894 (A.
1762 1855 1812 1889 14,
1831 1853 1854 1885 f.
1873 1854 1934 1886 400
1947 1853 1985 1892 11;
2019 1853 2052 1885 V.
2076 1855 2127 1890 71,
2144 1862 2197 1894 ep.
2213 1854 2253 1885 78
2269 1853 2309 1892 Β,
2324 1852 2363 1885 de

753 1917 816 1937 Gur.

469 1967 506 1995 Ut
526 1976 550 1996 s.
799 1907 936 1989 12178.
955 1978 994 1983 -
1011 1960 1127 1992 Facul.
1152 1959 1212 1991 eid.
1228 1959 1326 2001 leyato
1342 1960 1433 2000 (vide
1449 1968 1564 2000 supra,
1581 1968 1614 1991 n.
1633 1961 1744 2000 14175)
1763 1960 1963 1993 absolvendi
1977 1961 2012 1993 in
2030 1960 2168 1993 casibus
2186 1961 2362 1994 concessis

751 2013 946 2045 minoribus
962 2014 1030 2045 ΡΡ.
1050 2014 1326 2053 poenitentiariis
1345 2014 1398 2053 (Α.
1416 2015 1466 2050 14,
1482 2013 1506 2045 f.
1521 2015 1583 2046 476
1596 2019 1627 2051 ·;
1651 2013 1686 2045 V.
1705 2016 1755 2052 71,
1772 2023 1826 2055 ep.
1843 2015 1884 2046 80
1897 2014 1934 2046 de
1948 2014 2061 2054 curia.)

470 2074 505 2101 Ut
525 2083 548 2102 s.
798 2064 934 2096 14179.
954 2086 992 2090 -
1006 2067 1240 2098 Committitur
1259 2067 1354 2097 eidem
1368 2066 1468 2108 leqato
1482 2068 1519 2098 ut
1535 2067 1646 2107 possit
1662 2067 1815 2099 conferre
1831 2076 2053 2109 quaecumque
2067 2067 2180 2101 benef.
2196 2077 2259 2109 per
2272 2067 2358 2102 obit.

751 2121 805 2151 vel
829 2121 990 2160 resignat
1011 2120 1264 2159 capellanorum
1289 2120 1430 2160 ejusque
1453 2120 1534 2151 cler
1559 2129 1745 2152 commens.
1761 2129 1849 2158 vac„
1866 2121 1948 2153 dum
1964 2121 2032 2153 ΡΡ.
2049 2122 2154 2154 etiam
2169 2121 2363 2163 cappellani

751 2182 816 2204 non
835 2174 1024 2205 extiterint.
1040 2173 1093 2212 (A.
1110 2175 1160 2211 14,
1181 2173 1203 2204 f.
1216 2175 1306 2205 476³
1317 2173 1387 2211 ;.V
1405 2174 1455 2211 71,
1477 2182 1529 2213 ep.
1555 2174 1592 2204 81
1609 2173 1646 2204 de
1661 2174 1759 2206 curia.
1763 2174 1774 2214 )

471 2233 505 2261 Ut
526 2241 549 2261 s.
797 2224 812 2254 1
823 2223 933 2255 4180.
949 2244 987 2249 -
1005 2226 1117 2257 Eidem
1128 2226 1229 2258 facul.
1242 2227 1444 2266 providendi
1460 2227 1496 2258 in
1511 2227 1550 2258 24
1565 2226 1816 2259 cathedralibus
1828 2229 1861 2260 et
1876 2228 2067 2269 collegiatis
2077 2229 2159 2262 eccl.
2170 2229 2262 2262 infra
2272 2229 2363 2271 ejus·

750 2279 827 2310 dem
845 2280 1027 2320 legationis
1042 2280 1207 2311 terminos
1223 2280 1420 2312 constitutis
1436 2280 1637 2321 inrsingulis
1653 2281 1806 2321 ipsarum
1822 2281 1970 2322 singulis
1986 2290 2078 2322 pers.
2097 2282 2167 2323 ipsi
2181 2282 2360 2316 bonovisis

749 2333 790 2364 de
801 2342 918 2364 canon.
943 2333 1007 2364 sub
1023 2342 1118 2373 exsp.
1136 2333 1239 2373 praeb.
1264 2333 1316 2374 (A.
1332 2335 1382 2369 14,
1399 2333 1423 2364 f.
1440 2335 1500 2366 404
1514 2333 1547 2371 Ι),
1569 2333 1605 2366 V.
1621 2336 1672 2371 71,
1684 2343 1736 2374 ep.
1753 2335 1792 2366 83
1806 2333 1842 2365 de
1859 2335 1972 2374 curia.)

465 2393 501 2421 1st
519 2401 543 2421 s.
797 2383 933 2416 14181.
955 2404 994 2409 -
1011 2386 1124 2417 Eidem
1147 2387 1247 2418 facul.
1265 2387 1463 2418 reservandi
1480 2387 1655 2419 collationi
1671 2396 1742 2420 suae
1763 2388 1801 2420 in
1822 2397 1884 2420 sex
1898 2388 2151 2421 cathedralibus
2165 2389 2221 2422 vel
2237 2389 2359 2432 colleg.

749 2439 830 2471 eccl.
850 2439 941 2471 infra
956 2440 1139 2480 legationis
1168 2449 1238 2472 suae
1255 2441 1420 2472 terminos
1444 2441 1641 2473 constitutis
1661 2450 1723 2473 sex
1745 2449 1837 2482 pers.
1861 2442 1995 2474 idoneis
2008 2451 2071 2475 sex
2087 2443 2285 2484 dignitates,
2302 2443 2360 2477 vel

748 2495 966 2532 personatus,
984 2495 1043 2525 aut
1056 2494 1112 2525 off.
1128 2502 1156 2524 c.
1174 2503 1201 2525 c.
1219 2494 1274 2525 vel
1290 2503 1318 2525 s.
1336 2503 1363 2526 c.
1382 2503 1460 2526 cum
1475 2494 1722 2535 praestimoniis
1739 2497 1772 2527 et
1789 2495 2119 2536 praestimonialihus
2129 2496 2359 2537 portionibus.

748 2547 804 2587 (A.
823 2548 872 2582 14,
886 2547 909 2577 f.
926 2548 986 2579 480
999 2552 1030 2583 ²;
1049 2547 1086 2579 V.
1102 2549 1151 2585 71,
1165 2556 1218 2588 ep.
1235 2549 1275 2579 84
1288 2548 1324 2578 de
1339 2548 1451 2588 curia.)

352 2607 389 2634 {3
402 2607 466 2642 (id.)
487 2616 550 2635 nov.
570 2607 660 2637 1320.
795 2597 931 2629 14182.
952 2618 989 2624 -
1005 2600 1118 2632 Mand.
1134 2601 1291 2642 archiep.o
1305 2601 1474 2643 Neopaten.
1490 2603 1528 2634 ut
1545 2602 1587 2634 ad
1602 2602 1820 2642 praesentiam
1836 2611 1868 2634 n.
1883 2611 1915 2636 V.
1932 2603 2068 2636 Nicolai
2083 2604 2219 2636 comitis
2232 2604 2362 2646 Cepha·

749 2653 864 2685 luden.
884 2654 1047 2686 accedens
1074 2663 1153 2686 eum
1172 2664 1190 2686 a
1207 2655 1272 2686 rito
1288 2664 1488 2696 graecorum,
1506 2664 1608 2696 quem
1624 2656 1758 2688 noviter
1780 2656 1964 2697 amplexus
1975 2659 2038 2693 est,
2057 2657 2100 2689 ad
2121 2657 2202 2690 fidei
2216 2657 2360 2691 catholi-

748 2715 795 2738 cae
810 2707 977 2739 unitatem
996 2716 1156 2740 revocare
1179 2708 1322 2740 studeat.
1341 2709 1395 2750 (A.
1413 2710 1462 2747 14,
1477 2709 1501 2740 f.
1514 2711 1573 2741 471
1590 2709 1605 2731 ¹³
1615 2719 1625 2746 ;
1661 2709 1696 2740 V.
1713 2712 1765 2748 71,
1783 2718 1836 2750 ep.
1852 2711 1888 2742 71
1906 2709 1944 2742 de
1960 2710 2072 2751 caria.)
2138 2735 2145 2744 .

460 2759 496 2786 Ut
520 2767 543 2786 s.
795 2757 932 2790 14183.
951 2779 991 2785 —
1007 2761 1091 2803 May.
1110 2761 1271 2793 Bcrnardo
1291 2761 1328 2793 de
1350 2762 1597 2800 Montevalrano,
1621 2762 1739 2794 archid.
1766 2763 1934 2795 sicalonia
1945 2764 1979 2795 in
1993 2764 2066 2797 eccl.
2082 2765 2269 2804 Bam-icen„
2289 2765 2358 2797 ΡΡ.

749 2823 829 2854 cop„
845 2814 887 2845 A.
903 2814 939 2846 S.
961 2815 1080 2853 nuntio,
1098 2816 1211 2847 mand.
1230 2817 1268 2847 ut
1285 2825 1304 2847 a
1320 2816 1471 2856 praelatis
1487 2816 1529 2848 de
1545 2825 1649 2857 regno
1664 2817 1790 2853 Daciae,
1808 2817 1868 2858 qui
1884 2826 2036 2857 censum,
2051 2818 2230 2850 denarium
2246 2818 2280 2850 b.
2294 2819 2359 2851 Pe-

747 2867 792 2898 tri
810 2869 980 2905 vocatum,
998 2868 1089 2900 Eccl.
1104 2869 1265 2901 Romanae
1282 2869 1436 2901 debitum
1459 2879 1478 2901 a
1502 2869 1660 2910 pluribus
1680 2870 1780 2902 annis
1796 2870 2007 2911 collegerunt
2022 2873 2056 2903 et
2068 2871 2219 2904 Camerae
2237 2873 2358 2913 Apost-

748 2929 815 2951 non
833 2921 1064 2962 assignarunt,
1089 2922 1204 2963 exigat
1219 2924 1416 2963 computum
1431 2925 1464 2955 et
1479 2924 1659 2962 rationem,
1677 2932 1737 2955 eos
1753 2924 1795 2956 ad
1811 2924 2014 2966 tradendum
2026 2924 2095 2957 sibi
2108 2934 2244 2958 omnem
2260 2934 2362 2966 pecu·

747 2974 838 3005 niam
857 2975 1034 3007 collectam
1049 2984 1111 3016 per
1127 2985 1306 3008 censuram
1326 2977 1571 3017 compellendo.
1590 2977 1643 3018 (A.
1661 2980 1708 3014 14,
1727 2978 1750 3009 f.
1768 2979 1851 3014 472⁸
1861 2988 1871 3016 ;
1895 2978 1927 3009 V.
1946 2980 1996 3016 71,
2012 2987 2065 3020 ep.
2084 2980 2125 3011 72
2136 2978 2176 3010 de
2189 2979 2305 3020 eurio.)

468 3024 502 3051 Ut
523 3033 546 3051 s.
795 3025 929 3058 14184.
949 3046 988 3052 --
1009 3028 1128 3060 Amelio
1144 3040 1247 3071 praep.
1265 3030 1470 3068 Bellimontis,
1486 3031 1552 3063 ΡΡ.
1573 3042 1658 3073 cap„
1672 3031 1818 3063 Marckiae
1836 3020 2024 3064 Anconi‘ian.
2046 3033 2172 3069 rectori,
2188 3033 2304 3065 mand.
2320 3034 2360 3066 ut
