2566 3562
346 318 405 348 254
747 306 920 340 JOANNIS
943 305 1062 337 PAPAE
1083 303 1185 335 XXII.
1209 303 1458 342 (1316-1334).
1480 319 1518 324 —
1541 299 1728 331 LITTERAE
1750 298 1976 331 COMMUNES

379 404 480 431 Datum
504 395 682 431 Ave-niune.

346 504 366 531 3
380 503 409 538 (v
430 505 509 535 non.)
529 503 610 528 mart.
627 498 714 526 1321.
817 493 950 525 13060.
971 512 1009 518 -
1028 494 1149 525 Decano
1162 503 1187 524 s.
1205 491 1359 527 Ger-conis,
1378 496 1406 522 et
1422 490 1558 521 thesaur.
1572 500 1596 520 s.
1608 488 1754 525 Andreae,
1770 498 1805 520 ac
1821 487 2001 520 Alexandro
2014 486 2052 520 de
2066 487 2192 528 Himpe,
2209 497 2276 519 can.
2300 496 2368 518 ma-

358 548 405 575 Gr.
423 555 473 581 pro
489 553 564 580 pers.
581 542 698 571 notarii.
763 550 845 591 joris
864 548 1022 580 Colonien.
1038 546 1125 584 eccl„
1142 545 1255 578 mand.
1271 546 1310 576 ut
1325 543 1531 584 compellant
1550 542 1738 575 Gen-ardum
1755 542 1796 573 de
1809 540 2060 582 Wernemburg
2073 540 2211 573 scolast.
2231 541 2266 572 et
2292 548 2366 572 can.

769 602 849 634 eccl.
867 601 1041 634 colonien.
1059 602 1092 632 et
1109 599 1195 631 alios
1217 598 1291 639 ejus
1309 597 1432 636 socios,
1450 596 1510 638 qui
1527 604 1588 636 per
1609 595 1796 627 triennium
1818 595 2056 627 sustinuerunt
2079 602 2211 626 exeom.
2235 594 2370 626 senten·

769 656 835 687 tias
850 655 883 686 in
901 663 959 686 eos
975 654 1063 686 latas
1080 652 1122 685 ob
1143 661 1209 684 non
1226 651 1372 683 solutam
1391 650 1590 691 pensionem
1610 648 1759 680 debitam
1773 656 1862 689 mag.
1878 647 1988 680 Bindo
2002 647 2044 680 de
2061 647 2174 685 Senis,
2186 646 2268 679 RP.
2283 647 2367 686 not„

769 709 850 740 0001.
867 708 1040 740 Colonien.
1063 715 1180 747 praep..
1206 707 1244 737 ut
1260 713 1321 746 pro
1344 703 1511 736 fructibus
1534 702 1642 744 ejusd.
1659 702 1890 742 praepositurae
1906 709 1993 742 quos
2008 700 2096 741 ipsis
2112 700 2283 732 locaverat
2299 699 2368 732 eid.

769 771 872 803 praep.
890 761 1020 801 integre
1040 758 1265 796 satisfaciant,
1281 757 1434 798 alioquin
1457 757 1562 788 citent
1580 764 1639 788 eos
1660 757 1698 787 ut
1719 754 1810 787 infra
1838 763 1860 786 11
1883 762 2020 787 menses
2042 753 2238 794 conspectui
2257 753 2367 794 apost.

769 814 996 856 personaliter
1012 822 1048 845 se
1063 813 1277 854 praesentent.
1295 812 1347 852 (A.
1363 812 1413 848 14,
1428 810 1451 841 f.
1467 811 1526 842 237
1543 815 1572 847 ¹²3
1595 809 1631 841 V.
1651 811 1700 846 71,
1717 817 1770 849 ep.
1786 809 1874 847 416.)

342 874 360 901 »1
376 876 418 908 (1v
432 873 606 905 non.)marc.
625 871 712 899 1321.
815 865 948 897 13001.
970 884 1006 890 -
1029 866 1117 907 Ερ.ο
1147 864 1318 896 Florentia.
1347 863 1460 896 mand.
1484 863 1521 894 ut
1543 863 1728 894 commutet
1749 863 1866 893 votum
1889 869 1908 892 a
1929 859 2100 902 Borghino
2120 859 2278 898 Lotterii,
2295 859 2370 892 eive

475 918 504 944 Τ·
520 917 578 944 ⁸¹¹·
769 922 971 958 Florentin.,
987 920 1152 952 emissum
1166 917 1328 950 visitandi
1342 917 1463 949 limina
1476 916 1508 948 b.
1524 915 1643 948 Jacobi
1660 914 1940 955 compostellan„
1954 913 2045 954 quod
2061 914 2200 954 propter
2215 912 2367 945 debilita-

769 977 836 1007 tem
855 975 908 1006 sui
927 973 1079 1013 corporis
1097 981 1199 1013 quam
1215 972 1250 1003 in
1266 980 1305 1003 eo
1324 970 1413 1011 parit
1431 970 1550 1002 odiosa
1564 970 1721 1001 senectus
1738 968 1856 1009 nequit
1872 967 2064 1000 observare.
2083 966 2138 1008 (A.
2154 969 2204 1003 14,
2225 966 2323 998 ἰ.287
2334 971 2370 1004 ⁸·;

774 1028 810 1059 V.
830 1029 879 1061 72,
896 1036 948 1067 ep.
967 1026 1073 1066 1216.)
1989 1051 1995 1057 ‚

343 1087 360 1115 5
372 1087 418 1123 (111
434 1086 514 1120 11011.)
526 1089 608 1113 mart.
625 1085 711 1114 1321.
815 1078 952 1111 13062.
973 1097 1011 1102 -
1026 1079 1150 1111 Indult.
1169 1078 1285 1110 Joanm·
1309 1077 1468 1118 archiep.o
1494 1075 1631 1108 Toletan.
1658 1077 1696 1107 ut
1713 1074 1891 1106 duodecim
1913 1064 2025 1114 ipsius
2045 1073 2127 1106 cler.
2143 1073 2323 1106 domestici
2335 1074 2371 1106 ot

428 1132 458 1158 T.
476 1131 531 1162 le
548 1130 626 1158 XLII.
770 1134 1016 1166 commensales
1043 1132 1174 1164 fructus
1205 1131 1316 1163 benet.
1350 1138 1491 1162 suorum
1516 1129 1644 1169 absque
1672 1128 1858 1160 residentia
1885 1135 1994 1168 usque
2025 1126 2068 1159 ad
2095 1126 2368 1167 quinquennium

770 1188 943 1228 percipere
957 1187 1104 1223 valeant,
1122 1194 1188 1217 non
1217 1183 1422 1224 computatis
1436 1183 1552 1214 decem
1571 1182 1650 1213 aliis
1667 1182 1748 1213 cler.
1774 1181 1815 1213 de
1835 1180 1961 1221 quibus
1979 1180 2107 1212 mentio
2130 1179 2234 1212 fiebat
2249 1179 2285 1212 in
2301 1179 2370 1212 alio
2395 1220 2398 1223 ι

770 1241 900 1272 indulto
918 1240 986 1280 ipsi
1002 1241 1082 1271 tunc
1098 1239 1225 1270 decano
1241 1237 1321 1269 eccl.
1341 1237 1487 1276 Burgen.
1502 1244 1564 1276 per
1578 1234 1779 1266 Pontificem
1793 1242 1965 1266 concesso.
1989 1251 2028 1258 —
2043 1233 2072 1266 Ι.
2092 1242 2122 1265 0.
2140 1241 2187 1264 m.
2204 1232 2282 1265 abb.
2301 1241 2373 1265 mo·

770 1295 857 1326 nast.
875 1293 1201 1332 Montisaragonum,
1220 1291 1342 1323 Oscen.
1359 1290 1419 1327 di.,
1438 1291 1471 1321 et
1492 1289 1618 1320 decano
1641 1287 1809 1324 Toletan,
1829 1296 1868 1319 ac
1888 1286 2039 1319 Arnaldo
2059 1287 2100 1318 de
2122 1285 2276 1325 cumbis,
2295 1294 2370 1319 can.

770 1347 1015 1380 Barchinonen.
1039 1345 1119 1377 eccl.
1138 1345 1190 1384 (Α.
1207 1346 1257 1379 14,
1276 1344 1298 1374 f.
1314 1345 1370 1375 291
1391 1348 1420 1380 ³3
1444 1342 1480 1374 V.
1495 1343 1546 1380 71,
1560 1350 1613 1382 ep.
1626 1342 1712 1380 504.)

484 1405 520 1433 Ut
540 1414 563 1432 s.
816 1398 951 1430 13063.
967 1418 1007 1423 -
1022 1399 1097 1430 Eid.
1114 1407 1206 1430 conc.
1225 1397 1328 1429 facul.
1346 1396 1507 1428 testandi.
1524 1395 1577 1436 (A.
1601 1396 1651 1432 14,
1667 1394 1691 1426 f.
1708 1395 1768 1426 292
1778 1399 1808 1431 ²3
1834 1393 1871 1426 V.
1886 1395 1937 1432 71,
1955 1401 2008 1434 ep.
2025 1394 2111 1432 505.)

450 1451 482 1478 Τ.
503 1450 600 1478 XVIII.
1429 1449 1434 1453 ‘

488 1514 524 1541 Ut
538 1522 561 1540 s.
817 1505 953 1538 13064.
971 1524 1008 1529 -
1025 1506 1101 1538 Εἰσί.
1119 1505 1284 1545 indulget.
1308 1505 1357 1540 ut,
1373 1503 1494 1543 praeter
1507 1501 1587 1533 illos
1602 1501 1676 1533 dies
1691 1500 1816 1541 quibus
1832 1509 1875 1532 ex
1889 1499 2070 1540 privilegio
2087 1499 2123 1532 S.
2137 1499 2178 1531 A.
2194 1498 2300 1540 pallio
2317 1498 2370 1532 uti

449 1559 480 1586 T.
502 1558 597 1585 xvlll.
770 1563 890 1601 potest,
910 1561 983 1592 eod.
1001 1560 1107 1600 pallio
1118 1559 1167 1590 uti
1183 1558 1294 1598 possit
1310 1558 1345 1588 in
1359 1556 1391 1588 b.
1409 1555 1574 1587 Ludovici
1593 1555 1662 1595 epi
1679 1556 1712 1586 et
1729 1553 1762 1585 b.
1780 1553 1956 1586 Elisabeth
1973 1552 2230 1585 festivitatibus.
2248 1551 2304 1594 (A.
2319 1553 2368 1591 ss,

770 1616 792 1647 f.
814 1617 874 1647 292
889 1620 917 1651 ²3
948 1614 980 1645 V.
1006 1617 1055 1651 71,
1081 1622 1132 1653 ep.
1156 1611 1242 1652 506.)

486 1673 521 1700 L't
538 1681 562 1699 s.
815 1665 950 1698 1306'5.
967 1685 1003 1690 —
1017 1667 1136 1699 Gratia
1151 1674 1248 1705 exsp.
1266 1664 1377 1696 benef.
1397 1663 1484 1703 (601.
1504 1664 1529 1695 t.
1549 1671 1578 1694 c.
1594 1671 1622 1694 0.
1637 1663 1670 1694 et
1687 1663 1728 1694 30
1742 1671 1770 1693 s.
1786 1662 1830 1701 0.)
1846 1661 1881 1692 in
1897 1661 1989 1693 civit.
2004 1660 2058 1692 vel
2071 1660 2118 1692 di.
2130 1660 2369 1696 Terraconen.,

436 1718 467 1744 Τ·
484 1718 529 1749 ΧΙ,
545 1717 618 1744 ΧῙΠ-
769 1722 890 1762 pertin.
909 1722 951 1752 ad
967 1721 1079 1752 collat.
1097 1718 1258 1759 arehiep.i
1275 1719 1512 1754 Terraconen.,
1531 1715 1692 1747 Ber-nardo
1708 1715 1745 1747 de
1762 1714 1891 1755 Calofio,
1908 1714 1989 1746 cler.
2006 1713 2104 1745 dictae
2118 1713 2165 1746 di.
2183 1730 2222 1738 -—
2234 1713 2261 1745 Ι.
2280 1721 2310 1745 e.
2322 1721 2370 1745 m.

770 1775 896 1807 archid.
912 1776 1150 1811 Terraconen.‚
1171 1774 1203 1804 et
1222 1771 1369 1803 Arnaldo
1385 1771 1426 1802 de
1440 1769 1592 1808 CumbiS,
1610 1778 1648 1801 ac
1660 1768 1855 1801 Raimundo
1869 1768 1911 1799 de
1926 1767 2080 1806 Podiolo,
2099 1775 2173 1799 can.
2191 1765 2371 1799 Barchino-

769 1834 845 1861 nen.
865 1829 945 1860 eccl.
968 1829 1019 1866 (A.
1040 1830 1090 1863 11,
1107 1827 1129 1857 f.
1146 1827 1206 1859 292
1219 1831 1250 1862 ὃ,
1279 1825 1314 1856 V.
1333 1827 1383 1859 71,
1402 1833 1455 1864 ep.
1475 1823 1562 1863 507.)

491 1885 525 1913 Ut
543 1893 566 1912 s.
816 1880 952 1912 13066.
971 1899 1010 1904 -
1025 1881 1185 1919 Dispens.
1206 1879 1299 1909 Petro
1314 1877 1351 1908 de
1371 1877 1548 1917 Villalonqa
1568 1885 1658 1908 mon.
1673 1877 1705 1908 et
1721 1875 1876 1916 operario
1895 1874 2040 1906 monast.
2062 1882 2091 1905 s.
2117 1873 2303 1911 Cucufatis,
2328 1871 2368 1906 Ο.

444 1929 474 1956 T.
488 1929 608 1955 XXWI·
770 1937 804 1969 S.
824 1938 875 1973 B„
892 1935 1137 1967 Barchinonen.
1155 1933 1215 1970 di.,
1235 1932 1366 1964 consid.
1384 1930 1503 1963 Jacobi
1527 1930 1618 1970 regis
1639 1929 1846 1969 Aragonum‚
1864 1929 1902 1959 ut
1919 1935 2037 1959 vocem
2051 1929 2085 1959 et
2100 1927 2212 1959 locum
2230 1926 2267 1958 in
2281 1920 2372 1968 capi-'

770 1990 840 2022 tulo
858 1989 951 2020 licite
969 1988 1078 2028 possit
1093 1986 1228 2023 habere,
1246 1994 1313 2016 non
1330 1985 1417 2016 obst.
1437 1983 1527 2023 quod
1542 1984 1583 2014 de
1598 1983 1670 2014 ord.
1692 1983 1731 2014 F.
1751 1982 1790 2014 P.
1807 1981 2061 2021 ad‘praedictum
2077 1980 2149 2012 ord.
2167 1980 2203 2012 S.
2218 1981 2257 2012 B.
2280 1981 2373 2012 tran-

770 2042 1118 2080 sierit.(A.14,f.292
1129 2040 1165 2077 b;
1183 2039 1219 2070 V.
1235 2041 1285 2076 71,
1300 2047 1354 2078 ep.
1368 2038 1453 2077 508.)

488 2098 522 2125 Ut
541 2107 564 2126 s.
816 2093 950 2124 13067.
966 2113 1004 2118 -
1020 2093 1135 2125 Joanni
1147 2092 1303 2132 archiep.o
1323 2090 1461 2121 Toletan.
1478 2098 1569 2121 conc.
1590 2088 1690 2120 facul.
1704 2088 1851 2120 faciendi
1866 2087 1973 2127 recipi
1984 2087 2020 2118 in
2038 2095 2100 2118 sua
2115 2087 2196 2118 eccl.
2213 2085 2367 2119 Toletan.

770 2150 854 2180 duas
874 2157 964 2188 pers.
981 2148 1015 2178 in
1030 2156 1102 2178 can.
1123 2148 1155 2177 et
1173 2146 1207 2176 in
1223 2145 1360 2176 fratres.
1381 2143 1433 2184 (V.
1451 2146 1501 2181 71,
1520 2152 1572 2183 ep.
1589 2142 1676 2181 509.)

486 2205 520 2231 151
538 2213 560 2231 s.
816 2199 948 2231 13608.
967 2219 1005 2224 -—-
1023 2200 1099 2231 Eid.
1116 2199 1215 2230 facul.
1234 2197 1428 2230 conferendi
1446 2197 1507 2228 hac
1523 2196 1597 2227 vice
1614 2204 1704 2235 pers.
1724 2194 1791 2235 ipsi
1807 2194 1981 2226 benevisis
1991 2202 2109 2225 canon.
2122 2195 2155 2225 et
2165 2193 2269 2233 praeb.
2282 2201 2370 2234 quos

472 2249 502 2275 T.
523 2249 576 2275 XL.
769 2256 803 2287 in
819 2256 954 2292 Oscen.,
971 2255 1116 2286 ilerden.
1133 2255 1166 2284 et
1182 2252 1298 2284 Vicen.
1312 2251 1393 2282 eccl.
1411 2249 1583 2282 obtinebat
1594 2250 1775 2289 antequam
1786 2248 1828 2279 ad
1839 2247 1918 2279 0001.
1934 2247 2088 2279 Toletan.
2099 2248 2368 2286 promoveretur.

770 2310 821 2347 (A.
841 2312 889 2343 14,
910 2309 931 2339 f.
951 2310 1010 2340 313
1027 2314 1055 2344 ³;
1081 2307 1117 2339 V.
1135 2309 1184 2344 71,
1203 2315 1255 2345 ep.
1273 2307 1357 2343 549.)

490 2364 524 2390 Ut
541 2372 564 2390 s.
814 2359 948 2391 13069.
968 2379 1007 2384 -
1025 2359 1196 2392 Raimundo
1213 2359 1250 2389 de
1275 2357 1403 2394 Vilalta,
1428 2362 1456 2388 et
1475 2355 1649 2388 Baimundo
1667 2355 1705 2386 de
1719 2354 1862 2392 Podiolo,
1881 2364 1916 2384 ac
1935 2353 2076 2385 Arnaldo
2090 2353 2127 2385 de
2143 2353 2278 2391 cambis,
2296 2362 2366 2385 ean.

474 2408 503 2434 Τ·
526 2408 583 2435 XX-
769 2416 994 2446 Barchinonen.
1007 2414 1092 2451 eccl„
1103 2413 1215 2444 mand.
1232 2414 1268 2443 ut
1281 2420 1399 2443 canon.
1415 2411 1495 2442 eccl.
1512 2410 1751 2446 Terraconen„
1766 2409 1805 2441 Ο.
1820 2409 1854 2440 S.
1871 2408 1926 2446 Α.,
1940 2416 2001 2448 per
2013 2407 2262 2448 promotionem
2277 2406 2371 2447 Ray·

767 2470 884 2500 mundi
902 2469 943 2500 ad
961 2468 1131 2499 abbatiam
1150 2468 1294 2497 monast.
1313 2465 1637 2504 Montisaragonum,
1655 2462 1765 2503 ejusd..
1783 2461 1870 2500 ord.,
1884 2461 2005 2494 Oscen.
2020 2460 2079 2496 di.,
2096 2469 2150 2500 ap.
2167 2460 2201 2492 S.
2220 2459 2261 2491 A.
2278 2467 2365 2497 vae..

767 2523 940 2554 conferant
956 2523 1084 2554 Romeo
1105 2521 1145 2551 de
1163 2518 1316 2556 Cumbis,
1334 2518 1413 2549 cler.
1431 2517 1604 2557 Urgellen.
1619 2516 1665 2547 di.
1683 2515 1736 2554 (A.
1752 2518 1802 2553 14,
1819 2515 1844 2546 f.
1861 2516 1917 2547 321
1934 2520 1967 2552 ²3
1995 2513 2030 2545 V.
2048 2515 2098 2551 71,
2114 2522 2167 2554 ep.
2180 2513 2268 2553 611.)

486 2575 520 2602 L‘t
539 2583 562 2602 s.
813 2573 947 2605 13070.
964 2593 1003 2598 -
1018 2574 1134 2606 Joanm'
1149 2573 1185 2604 de
1205 2572 1302 2612 Itaqis
1322 2571 1409 2602 conf.
1432 2570 1657 2610 praepositura
1681 2569 1763 2601 eccl.
1779 2569 1813 2601 S.
1831 2569 1876 2600 M.
1894 2567 2101 2608 Magdalenae
2118 2567 2277 2603 Januen.,
2291 2573 2366 2598 vac.

427 2618 457 2645 Τ·
477 2619 535 2653 ΧΠ>
551 2620 619 2646 XW·
765 2638 826 2668 pro
844 2638 881 2661 eo
900 2629 989 2669 quod
1004 2627 1174 2659 Antonius
1189 2626 1306 2657 vitius
1324 2625 1449 2655 dictam
1467 2623 1727 2663 praeposituram
1742 2631 1770 2654 c.
1789 2631 1818 2653 c.
1833 2630 1900 2653 una
1913 2629 1990 2653 cum
2002 2620 2083 2652 eccl.
2100 2629 2129 2651 s.
2147 2619 2278 2657 Lazari,
2291 2627 2368 2660 quae

767 2682 829 2713 sub
846 2683 930 2713 alias
946 2683 979 2713 S.
997 2682 1041 2712 M.
1059 2679 1222 2712 vocabulo
1239 2679 1462 2718 nuncupatur,
1478 2685 1582 2717 prope
1596 2677 1754 2711 saonam,
1771 2676 1875 2707 etiam
1892 2684 1920 2706 c.
1937 2683 1980 2712 c.,
1996 2674 2125 2706 detinet
2140 2674 2258 2705 contra
2271 2680 2368 2704 cons-

765 2736 817 2767 tit.
834 2744 935 2775 super
950 2735 1074 2775 plural.
1095 2733 1227 2769 benef.;
1243 2741 1309 2763 non
1325 2731 1412 2763 obst.
1431 2730 1521 2770 quod
1538 2730 1579 2761 de
1595 2729 1803 2769 archipresb.
1819 2728 1901 2760 eccl.
1923 2737 1951 2760 s.
1967 2727 2094 2760 Felicis
2109 2727 2151 2758 de
2168 2725 2367 2767 Fregarolio

766 2797 803 2819 ac
820 2797 936 2820 canon.
957 2790 989 2819 et
1008 2787 1110 2827 praeb.
1132 2787 1165 2817 in
1181 2785 1260 2817 eccl.
1278 2785 1318 2816 de
1334 2785 1454 2821 Bosco,
1471 2784 1661 2815 Terdonen.
1682 2783 1742 2820 di.,
1760 2781 1886 2822 quibus
1901 2790 1961 2822 per
1975 2780 2150 2812 Marchum
2167 2779 2208 2811 de
2225 2779 2367 2812 Viceco-

766 2842 907 2873 mitibus
923 2842 963 2873 de
985 2841 1178 2872 Mediolano
1194 2839 1336 2876 diutius,
1353 2840 1390 2869 ut
1404 2837 1523 2875 fertur,
1542 2836 1712 2876 spoliatus
1728 2836 1853 2872 extitit,
1872 2834 1938 2866 sibi
1963 2835 2095 2866 asserat
2117 2833 2278 2865 canonice
2294 2832 2366 2864 fore

766 2895 952 2933 provisum,
971 2895 1128 2934 quodque
1145 2894 1232 2924 auct.
1251 2892 1360 2932 apost.
1378 2890 1489 2922 benef.
1507 2899 1534 2921 c.
1554 2899 1581 2921 c.
1600 2890 1653 2921 vel
1671 2899 1698 2921 s.
1722 2898 1764 2926 e.‚
1781 2888 1916 2920 etiamsi
1932 2887 2058 2919 existat
2073 2887 2177 2927 dign„
2194 2886 2237 2917 ad
2252 2885 2364 2917 collat.

766 2948 833 2986 ep.i
850 2948 974 2978 Lucan.
993 2948 1117 2987 pertin.
1134 2946 1317 2985 exspectet.
1335 2962 1371 2967 ——
1385 2944 1412 2975 Ι.
1431 2953 1460 2975 0.
1479 2952 1524 2974 111.
1544 2952 1619 2983 ep.o
1637 2942 1802 2979 Brixien.,
1819 2943 1851 2973 et
1865 2941 2069 2978 Terdonen.,
2085 2949 2123 2972 ac
2140 2938 2365 2971 Alexandrin.

766 3000 895 3039 Aquen.
916 3001 995 3031 eccl.
1016 3000 1188 3031 archid.is.
1206 2999 1258 3038 (A.
1274 3000 1323 3035 15,
1339 2998 1361 3029 f.
1379 2999 1440 3029 512
1454 3003 1483 3034 ε,
1505 2997 1542 3028 V.
1560 2998 1610 3034 72,
1623 3005 1675 3036 ep.
1692 2996 1796 3034 1604.)
2115 2986 2118 2989 ’
