2566 3562
311 321 371 350 262

341 409 443 436 Datum
469 402 650 436 Avenione.

366 772 406 799 29
425 774 507 798 mart.
527 770 614 798 1321.

388 820 429 850 (iv
446 814 503 842 kal.
520 815 594 849 apr.)

365 860 394 886 T.
412 859 506 892 XXIV,
523 859 615 886 XXVI.

453 1090 488 1117 Ut
503 1099 526 1117 s.

396 1135 426 1162 T.
446 1135 491 1165 xl.
507 1135 577 1162 XIII.

448 1357 484 1384 Ut
503 1364 526 1383 s.

396 1401 428 1428 T.
445 1401 492 1434 XI,
509 1401 580 1428 XIII.

449 1625 485 1652 Ut
502 1633 525 1651 s.

396 1669 426 1695 T.
446 1669 490 1702 xl,
507 1669 578 1695 XIII.

452 1945 518 1972 Uts

449 2159 483 2186 Ut
501 2168 523 2186 s.

396 2203 425 2229 T.
440 2204 484 2237 xl,
502 2204 571 2231 xm.

393 2530 428 2557 Ut
445 2538 467 2557 s.
484 2546 517 2551 -—-
533 2531 578 2559 Gr.

361 2899 399 2926 30
417 2904 498 2927 marl.
519 2902 604 2930 1321.

381 2947 425 2976 (ιιι
442 2945 498 2971 kal.
514 2948 588 2980 apr.)

700 315 874 346 JOANNIS
897 315 1015 346 PAPAE
1037 315 1139 346 XXII.
1162 316 1413 356 (1316-1334).
1435 333 1475 340 -
1497 315 1684 347 LITTERAE
1706 315 1932 349 COMMUNES

737 514 835 544 neno,
852 506 949 538 dictae
964 506 1024 543 di.,
1041 507 1138 547 quus
1161 507 1394 547 progenitores
1412 508 1525 540 eumd.
1544 507 1732 548 prioratum
1752 508 1924 547 dotarunt,
1941 508 2126 541 Fuloonem
2145 518 2236 542 mon.
2252 510 2336 542 dicti

737 559 933 591 monasterii
948 561 981 591 et
995 559 1101 599 ejusd.
1119 560 1291 600 prioratus
1303 561 1452 600 priorem
1467 561 1620 601 aliosque
1635 569 1725 592 mon.
1739 561 1774 592 in
1789 561 1865 593 eod.
1878 563 2050 594 morantes
2065 561 2107 594 ab
2122 571 2162 595 eo
2176 563 2336 600 removit,

735 614 767 643 et
785 612 906 644 abinde
924 621 1066 652 prorsus
1085 614 1241 646 recedere
1263 614 1439 654 compulit,
1462 613 1543 645 aliis
1560 614 1595 645 in
1617 614 1766 654 priorem
1788 615 1822 646 et
1843 614 2026 647 monachos
2050 615 2239 653 institutis:
2257 622 2356 657 qua.-⁴

735 666 872 705 propter
886 665 990 697 abbas
1009 668 1042 698 et
1066 675 1174 702 conv.‚
1193 667 1298 698 Fulco
1317 668 1350 699 et
1367 667 1523 699 monachi
1539 667 1691 707 praedicti
1710 668 1759 700 sic
1779 667 1914 708 expulsi
1937 667 1979 700 ad
1994 667 2064 700 ΡΡ.
2087 677 2263 701 recursum
2278 668 2337 701 ha-

734 717 890 750 buerunt.
910 719 963 757 (A.
982 721 1030 756 14,
1047 719 1069 750 f.
1087 721 1148 752 349
1164 725 1194 756 ⁸;
1218 719 1250 751 V.
1272 721 1321 756 71,
1340 728 1392 760 ep.
1411 719 1498 760 530.)

782 768 915 801 13142.
935 790 973 795 —
992 772 1102 804 Mand.
1121 782 1191 814 ep.o
1212 778 1239 803 ec
1257 773 1355 814 capit.
1373 773 1563 805 Londonien.
1581 775 1618 804 ut
1639 773 1819 805 archidiac.
1836 774 1918 806 eccl.
1935 774 2160 813 Londonien.,
2175 783 2237 816 per
2253 774 2336 807 obit.

735 825 880 865 Begonis
895 825 936 856 de
954 825 1172 863 Cavomonte,
1194 827 1262 857 ΡΡ.
1286 835 1359 867 cap.
1378 827 1558 858 domestici
1575 829 1608 859 et
1624 827 1747 865 famil„
1767 827 1856 867 apud
1871 827 1906 859 S.
1923 828 1963 859 A.
1979 836 2065 866 vac„
2081 829 2116 860 et
2132 836 2193 868 per
2210 828 2338 869 Papam

735 878 842 909 Heliae
855 878 1074 918 Talayrandi,
1093 879 1191 911 fratri
1210 888 1241 910 n.
1264 889 1296 911 v.
1310 880 1446 911 comitis
1466 880 1731 920 Petragoricen„
1750 880 1923 917 collatum,
1945 881 2012 922 ipsi
2029 881 2138 913 Heliae
2154 882 2338 914 restituant

735 934 846 964 amoto
861 932 1007 963 Ricurdo
1021 932 1061 964 de
1077 933 1220 968 Haston,
1237 933 1318 965 dicti
1334 933 1402 973 ep.i
1421 933 1636 970 cancellario,
1653 933 1707 965 cui
1724 933 1815 966 idem
1833 942 1931 974 ep.us
1948 934 2076 966 dictum
2092 933 2272 966 archidiac.
2290 936 2336 967 te·

736 993 825 1016 mere
841 985 1042 1017 contulerat.
1056 1003 1095 1008 —
1111 986 1139 1017 Ι.
1157 994 1187 1017 e.
1202 995 1246 1017 m.
1264 986 1436 1027 archiep.o
1453 987 1682 1024 Cantuarien.,
1698 988 1731 1018 et
1747 987 1940 1019 Norwicen.
1957 995 1996 1019 ac
2007 987 2221 1028 Wigornien.
2237 987 2337 1028 ep.is.

734 1038 788 1078 (A.
809 1041 856 1074 14,
877 1038 900 1068 s.
917 1040 972 1070 351
992 1044 1024 1075 ⁸;
1040 1040 1080 1070 V.
1098 1041 1147 1077 71,
1163 1048 1216 1079 ep.
1232 1039 1319 1079 541.)

781 1088 915 1120 13143.
932 1109 967 1114 -—
985 1092 1106 1124 Collat.
1120 1101 1237 1124 canon.
1253 1092 1317 1124 sub
1329 1101 1424 1133 exsp.
1437 1093 1541 1133 praeb.
1558 1102 1635 1125 cum
1650 1093 1894 1133 praestimoniis
1909 1094 1991 1126 eccl.
2005 1094 2190 1132 Palentin.,
2207 1094 2338 1127 consid.

734 1145 848 1176 Mariae
867 1145 991 1185 reginae
1008 1145 1165 1177 Castellae
1180 1154 1218 1177 ac
1236 1146 1404 1186 Legionis,
1418 1146 1535 1177 Joanm‘
1551 1146 1708 1184 Roderici,
1726 1147 1878 1179 sacristae
1892 1147 2065 1179 saecularis
2082 1147 2334 1186 vallisoletan„

734 1198 902 1229 Palentin.
917 1198 975 1235 di.,
992 1207 1030 1229 ac
1046 1207 1118 1230 can.
1137 1199 1283 1238 praeben.
1301 1208 1377 1231 cum
1396 1200 1641 1239 praestimoniis
1652 1200 1733 1232 eccl.
1749 1209 1778 1232 s.
1793 1200 1955 1240 Stephani
1969 1202 2004 1232 et
2016 1200 2051 1232 S.
2069 1201 2115 1232 M.
2129 1201 2170 1233 de
2185 1201 2338 1242 Antiqua

734 1252 972 1283 Vallisoletan.
991 1268 1030 1274 —
1044 1252 1071 1283 Ι.
1091 1261 1119 1283 e.
1139 1261 1183 1284 ni.
1204 1251 1280 1283 abb.
1300 1253 1475 1284 saecularis
1488 1253 1741 1291 Vallisoletan„
1757 1253 1929 1286 Palentin.
1943 1253 2004 1289 di.,
2018 1255 2052 1286 et
2069 1255 2158 1286 cant.
2176 1253 2336 1293 Abulen„

734 1314 771 1336 ac
786 1313 874 1344 mag.
891 1305 991 1336 Gotio
1008 1305 1048 1336 de
1063 1305 1230 1343 Arimino,
1244 1314 1316 1336 can.
1335 1305 1555 1338 Colimbrien.
1571 1306 1652 1338 eccl.
1672 1307 1724 1347 (A.
1741 1308 1789 1345 14,
1805 1306 1828 1338 f.
1848 1308 1908 1339 359
1924 1306 1958 1344 ¹23
1981 1306 2015 1338 V.
2034 1309 2084 1344 71,
2103 1315 2156 1347 ep.
2172 1306 2258 1348 612.)

779 1355 914 1387 13144.
931 1375 970 1381 ——
987 1357 1062 1390 Eid.
1084 1358 1171 1389 conf.
1194 1359 1374 1390 archidiac.
1394 1359 1435 1391 de
1454 1359 1593 1400 Campis
1610 1360 1646 1391 in
1664 1360 1745 1392 eccl.
1770 1360 1940 1392 Palentin.
1967 1369 2005 1392 ac
2023 1360 2337 1401 praestimoniorum

733 1412 843 1443 eidem
860 1412 1038 1443 archidiac.
1052 1421 1272 1450 annexorum,
1286 1421 1346 1452 per
1360 1413 1609 1445 assecutionem
1621 1422 1640 1445 a
1649 1414 1666 1445 J
1672 1413 1773 1445 oanni
1785 1413 1880 1446 Petri
1893 1413 2018 1445 factam
2031 1413 2072 1446 de
2085 1413 2222 1446 abbatia
2235 1422 2339 1446 saecu-

733 1465 816 1496 laris
833 1465 913 1497 eccl.
925 1465 1176 1502 Vallisoletan„
1197 1465 1367 1497 Palentin.
1385 1466 1444 1503 di.,
1462 1466 1530 1506 ipsi
1547 1475 1607 1506 per
1625 1467 1753 1507 Papam
1770 1466 1894 1499 collata
1909 1476 1995 1504 vac„
2011 1467 2141 1499 consid.
2159 1470 2198 1499 ut
2214 1476 2264 1505 s.;
2282 1475 2339 1500 sa-

734 1519 886 1550 cristiam
902 1527 982 1550 vero
1000 1519 1109 1558 ejusd.
1125 1519 1205 1550 eccl.
1226 1519 1464 1551 Vallisoletan.
1482 1519 1649 1558 dimittat3
1665 1520 1796 1561 reliqua
1812 1522 1850 1552 ut
1868 1529 1896 1552 s.
1915 1521 1968 1560 (A.
1986 1523 2035 1558 11,
2057 1520 2081 1552 f.
2098 1522 2158 1553 360
2175 1520 2206 1558 ¹³5
2235 1520 2269 1551 V.
2285 1522 2337 1558 71,

734 1580 786 1612 ep.
807 1573 892 1610 613.)

780 1622 912 1654 13145.
939 1644 976 1648 -
995 1626 1085 1667 Lupo
1110 1625 1228 1656 Gar-siae
1249 1626 1363 1658 collat.
1385 1635 1502 1658 canon.
1524 1626 1588 1658 sub
1603 1635 1700 1666 exsp.
1719 1627 1822 1667 praeb.
1839 1636 1877 1659 ac
1892 1627 2069 1668 dignitatis
2089 1636 2118 1658 c.
2143 1636 2172 1659 c.
2189 1627 2245 1659 vel
2262 1635 2290 1659 s.
2307 1635 2336 1660 c.

732 1687 807 1710 cum
834 1679 1078 1719 praestimoniis
1094 1680 1174 1711 eccl.
1194 1679 1373 1720 Segobien.
1394 1680 1525 1713 consid.
1542 1682 1579 1712 ut
1601 1689 1648 1718 s.;
1667 1689 1733 1712 non
1753 1681 1841 1712 obst.
1862 1681 1898 1712 in
1918 1681 2087 1712 Palentin.
2109 1681 2278 1716 sacristia,
2302 1682 2336 1713 et

733 1733 766 1763 in
792 1741 831 1763 ea
856 1742 893 1763 ac
917 1734 1079 1773 Bur-gen„
1103 1733 1340 1765 Vallisoletan.
1368 1735 1400 1765 et
1419 1734 1626 1769 Fussellen.,
1651 1735 1819 1766 Palentin.
1845 1734 1906 1772 di.,
1931 1743 2052 1766 canon.
2075 1736 2108 1766 et
2129 1733 2232 1774 praeb.
2261 1742 2339 1766 cum

732 1786 987 1825 praestimoniis,
1006 1788 1038 1818 et
1054 1787 1088 1817 in
1104 1787 1258 1818 Toletan.
1275 1787 1355 1818 eccl.
1373 1788 1519 1827 quadam
1536 1787 1691 1827 portione
1707 1796 1746 1819 ac
1757 1787 2017 1828 praestimoniali
2032 1787 2144 1819 benef.
2162 1788 2198 1818 in
2213 1788 2338 1819 Taran-

731 1841 822 1877 tone,
837 1839 1004 1871 Conchen.
1023 1840 1068 1870 di.
1084 1858 1124 1863 —
1143 1841 1170 1871 I.
1186 1849 1215 1872 e.
1234 1850 1279 1872 m.
1299 1840 1374 1872 abb.
1394 1841 1508 1872 saecul.
1522 1841 1773 1879 Vallisoletan„
1790 1841 1959 1873 Palentin.
1976 1841 2036 1879 di.,
2056 1850 2094 1872 ac
2110 1840 2237 1872 archid.
2254 1841 2337 1872 Bur-

731 1902 819 1933 gen„
838 1903 875 1924 ac
889 1902 976 1933 mag.
993 1893 1092 1925 Gotio
1108 1895 1148 1924 de
1165 1894 1333 1932 Arimino,
1349 1903 1422 1926 can.
1438 1893 1661 1926 Colimbrien.
1679 1894 1759 1926 eccl.
1778 1895 1831 1934 (A.
1846 1897 1896 1932 14,
1907 1894 1929 1926 t'.
1941 1896 2002 1926 322
2017 1899 2048 1931 ⁸5
2066 1894 2104 1925 V.
2115 1897 2165 1932 71,
2181 1903 2234 1934 ep.
2248 1895 2337 1932 614.)

778 1944 913 1976 13146.
931 1964 968 1968 -
981 1947 1115 1977 Hem-ico
1129 1947 1258 1978 Henrici
1273 1947 1310 1978 de
1326 1947 1445 1979 Aclcan.
1461 1948 1575 1979 collat.
1592 1956 1711 1979 canon.
1726 1950 1759 1979 et
1774 1948 1878 1988 praeb.
1893 1948 1975 1980 eccl.
1991 1957 2019 1979 s.
2037 1947 2149 1980 Cassii
2166 1948 2334 1983 Bunnen„

731 2000 906 2032 Colonien.
927 2000 986 2038 di.,
1003 2009 1063 2040 per
1081 2001 1162 2032 obit.
1181 2001 1324 2032 Joannis
1340 2001 1421 2032 dicti
1437 2001 1576 2033 Balkart
1593 2010 1646 2040 ap.
1664 2002 1697 2032 S.
1714 2002 1756 2032 A.
1774 2001 1924 2033 defuncti
1943 2010 2016 2033 vac.
2033 2019 2072 2024 —
2086 2001 2114 2032 I.
2133 2009 2162 2032 e.
2183 2009 2230 2032 m.
2246 2009 2334 2042 mag.

733 2054 837 2084 Bindo
855 2054 894 2085 de
912 2054 1024 2091 Senis,
1042 2063 1158 2093 praep..
1175 2055 1242 2085 ΡΡ.
1258 2056 1341 2091 not„
1355 2057 1387 2085 et
1402 2054 1552 2086 thesaur.
1566 2054 1756 2091 colonien„
1769 2063 1806 2086 ac
1819 2055 1943 2086 Bosolo
1959 2054 2000 2086 de
2014 2054 2151 2090 Parma,
2163 2054 2231 2086 ΡΡ.
2245 2063 2334 2095 cap„

731 2116 802 2138 can.
821 2108 1006 2139 Tornacen.
1022 2108 1103 2138 eccl.
1125 2108 1175 2144 (A.
1194 2110 1242 2145 15,
1256 2107 1277 2138 f.
1293 2109 1355 2142 ‚132
1369 2113 1397 2145 a;
1417 2108 1452 2139 V.
1477 2109 1526 2144 72,
1546 2117 1598 2147 ep.
1614 2109 1700 2146 871.)

777 2158 912 2190 13147.
931 2179 969 2183 —-
987 2161 1103 2191 Joanm'
1119 2161 1261 2191 lloderici
1275 2161 1362 2193 conf.
1379 2160 1559 2192 archidiac.
1579 2162 1620 2192 de
1635 2161 1773 2201 Campis
1787 2161 1821 2192 in
1833 2161 1914 2193 eccl.
1928 2161 2098 2193 Palentin.
2115 2170 2192 2192 cum
2208 2160 2338 2201 praesti-

731 2214 856 2245 moniis
876 2214 940 2245 eid.
967 2214 1122 2252 annexis,
1143 2223 1202 2253 per
1222 2214 1469 2254 promotionem
1490 2214 1634 2245 Joannis
1652 2215 1692 2245 ad
1714 2214 1886 2245 abbatiam
1912 2214 2026 2246 saecul.
2047 2215 2128 2246 eccl.
2154 2214 2337 2246 vallisole-

730 2269 811 2304 tan„
830 2267 997 2298 Palentin.
1024 2268 1083 2302 di.,
1107 2276 1161 2307 ap.
1180 2267 1212 2298 S.
1240 2269 1280 2298 A.
1299 2276 1383 2304 vac„
1405 2267 1534 2299 consid.
1556 2268 1672 2299 Mariae
1694 2268 1818 2308 reginae
1837 2267 1995 2299 Castellae
2013 2269 2047 2299 et
2069 2267 2249 2308 Legionis;
2267 2276 2336 2299 non

730 2320 817 2352 obst.
839 2321 874 2351 in
898 2321 1037 2360 praefata
1053 2321 1134 2352 eccl.
1158 2321 1397 2352 Vallisoletan.
1417 2329 1534 2352 canon.
1560 2322 1593 2352 et
1613 2320 1716 2360 praeb.
1745 2329 1821 2352 cum
1849 2320 2094 2361 praestimoniis
2114 2320 2336 2366 ecclesiarum

730 2383 757 2404 s.
776 2374 937 2414 Stephani
950 2375 982 2405 et
998 2375 1030 2405 S.
1049 2375 1093 2405 Μ.
1111 2375 1152 2405 de
1169 2374 1319 2414 Antiqua
1333 2374 1584 2409 Vallisoletan.‚
1602 2383 1732 2406 necnon
1752 2375 1911 2406 sacristia
1930 2383 2032 2414 quam
2045 2374 2171 2406 dimitt.
2189 2375 2335 2406 tenetur.

728 2444 766 2450 -
786 2427 811 2457 I.
830 2436 858 2458 e.
883 2437 928 2458 m.
947 2427 1023 2458 abb.
1052 2427 1166 2458 saecul.
1185 2427 1438 2463 Vallisoletan.‚
1466 2427 1636 2459 Palentin.
1661 2428 1723 2465 di.,
1746 2429 1779 2458 et
1805 2427 1958 2459 sacristae
1979 2427 2162 2465 Palentin.‚
2183 2436 2221 2459 ac
2245 2435 2335 2468 mag.

728 2480 826 2512 Gotio
843 2481 883 2511 de
901 2481 1068 2517 Arimino,
1086 2490 1159 2512 can.
1180 2480 1402 2512 ColImbrien.
1420 2481 1500 2512 eccl.
1520 2481 1571 2518 (A.
1597 2482 1646 2518 15,
1666 2481 1688 2512 f.
1706 2483 1767 2513 543
1782 2486 1812 2518 ³;
1835 2481 1871 2512 V.
1887 2483 1938 2517 72,
1956 2489 2009 2521 ep.
2029 2482 2134 2519 1564.)

775 2531 912 2563 13148.
926 2552 963 2556 -
974 2533 1099 2574 Huqoni
1112 2533 1148 2564 de
1164 2534 1360 2574 Enqotae'sma,
1374 2543 1446 2565 can.
1465 2535 1691 2572 Xanctonen.,
1707 2534 1771 2566 ΡΡ.
1786 2534 1909 2571 famil„
1921 2534 2086 2574 indulget.
2099 2535 2137 2565 ut
2155 2533 2223 2565 ΡΡ.
2236 2533 2334 2566 obse-

728 2587 820 2626 quiis
834 2587 1035 2624 insistendo,
1050 2589 1107 2618 aut
1122 2588 1158 2618 in
1174 2588 1328 2619 Romana
1346 2587 1450 2619 Curia
1466 2596 1595 2619 moram
1613 2588 1787 2625 trahendo,
1807 2587 1860 2619 vel
1874 2587 2054 2619 residendo
2070 2587 2106 2618 in
2121 2586 2237 2627 aliqua
2252 2586 2335 2618 eccl.

728 2640 762 2670 in
778 2640 902 2680 quibus
916 2640 1138 2672 beneficiatus
1154 2641 1272 2672 existit
1289 2641 1341 2672 vel
1364 2640 1558 2672 beneficiari
1576 2641 1756 2681 contigerit
1776 2642 1810 2672 in
1826 2641 1991 2678 futurum,
2007 2648 2068 2672 seu
2081 2640 2148 2672 litt.
2167 2640 2282 2672 studio
2299 2639 2336 2671 in

727 2693 799 2724 loco
817 2693 873 2724 ubi
890 2694 1000 2734 vigeat
1017 2694 1174 2734 generale
1190 2694 1413 2731 immorando,
1435 2694 1566 2725 fructus
1581 2694 1734 2726 omnium
1750 2694 1863 2726 benef.
1879 2702 2019 2725 suorum
2039 2693 2167 2733 absque
2185 2693 2338 2724 residen-

726 2746 774 2777 tia
786 2747 827 2777 ad
843 2747 1113 2787 quinquennium
1132 2747 1305 2787 percipere
1320 2747 1431 2778 valeat
1446 2749 1479 2778 et
1497 2748 1634 2778 interim
1650 2748 1693 2779 ad
1709 2756 1824 2779 sacros
1839 2747 1910 2779 ord.
1929 2747 2122 2787 promoveri
2139 2755 2208 2778 non
2220 2747 2335 2778 tenea·

726 2800 791 2830 tur.
806 2818 843 2822 —
862 2800 888 2830 Ι.
906 2809 935 2831 e.
954 2809 998 2831 m.
1017 2809 1120 2840 praep.
1137 2800 1403 2836 Claromonten„
1422 2802 1454 2832 et
1466 2801 1611 2840 archipr.
1630 2801 1669 2832 de
1685 2801 1835 2841 Figiaco,
1853 2801 2030 2833 Caturcen.
2047 2799 2108 2836 di.,
2127 2808 2166 2831 ac
2179 2799 2335 2831 Arnaldo

725 2853 766 2883 de
781 2853 932 2889 Petrilia,
949 2862 1022 2884 can.
1042 2854 1188 2885 Vauren.
1205 2853 1285 2885 eccl.
1306 2853 1361 2894 (A.
1378 2855 1429 2890 15,
1453 2854 1475 2884 f.
1496 2855 1555 2885 553
1570 2860 1601 2890 ³¹;
1627 2854 1662 2885 V.
1689 2856 1739 2889 72,
1757 2863 1809 2894 ep.
1829 2853 1934 2892 1618.)

769 2905 779 2915 '
799 2903 866 2934 131
879 2903 932 2934 19.
950 2923 990 2928 -—
1005 2906 1113 2936 Priori
1124 2911 1151 2937 et
1160 2907 1314 2947 fratribus
1324 2907 1577 2947 praedicatorum,
1594 2912 1621 2937 el
1635 2907 1811 2948 quar-diano
1823 2912 1850 2937 el
1861 2906 2014 2946 fratribus
2024 2906 2175 2937 minorum
2189 2905 2329 2936 ordinum

726 2957 916 2988 metonen.
943 2977 979 2982 -—
999 2959 1249 2991 Confirmantur
1266 2960 1381 2991 omnia
1397 2969 1471 2999 quae
1490 2960 1654 2992 Nicolaus
1669 2969 1696 2991 s.
1714 2960 1854 2992 Eusebii
1873 2962 1907 2991 et
1927 2960 2052 2991 Petrus
2068 2967 2097 2990 s.
2114 2958 2279 2990 Susannae
2293 2966 2337 2989 ac

726 3011 933 3042 Bertrandus
951 3021 978 3043 s.
994 3012 1119 3044 Vitalis
1138 3013 1249 3052 presb.
1266 3014 1356 3045 card.
1374 3013 1629 3060 ordinaverunt,
1646 3015 1682 3045 ut
1697 3013 1930 3048 arbitratores,
1946 3013 1982 3044 in
1998 3012 2058 3045 lite
2074 3013 2147 3044 orta
2159 3012 2249 3044 inter
2263 3011 2329 3043 dic-
