2566 3562
246 422 351 450 Datum
376 415 558 450 Avenione.

278 621 321 649 25
336 623 418 648 mart.
437 619 524 648 1321.

291 671 358 701 (vm
371 665 430 693 kal.
443 664 519 700 apr.)

370 1577 407 1604 Ut
423 1585 447 1604 s.

330 1622 362 1648 T.
387 1621 490 1648 LXXX.

377 1842 411 1870 Ut
431 1851 454 1870 s,

290 1949 331 1976 26
344 1952 427 1976 mart.
447 1948 535 1976 1321.

299 1997 354 2028 (vu
373 1993 431 2020 kal.
450 1992 526 2027 apr.)

290 2213 332 2241 27
346 2216 428 2241 mart.
445 2213 532 2241 1321.

309 2259 352 2293 (vl
372 2257 430 2286 kal.
446 2258 520 2293 apr.)

313 2302 343 2329 T.
364 2302 421 2336 XX,
436 2301 518 2329 XXII.

290 2533 331 2562 28
345 2535 428 2560 mart.
451 2532 539 2560 1321.

317 2580 348 2612 (v
365 2577 425 2605 kal.
441 2576 518 2612 apr.)

355 2622 385 2649 T.
403 2621 479 2649 CCC.

293 2745 335 2776 29
350 2748 433 2773 mart.
455 2745 542 2772 1321.

312 2793 354 2825 (iv
372 2788 431 2816 kal.
451 2788 527 2824 apr.)

367 2834 398 2861 T.
419 2833 475 2861 LX.

612 328 785 360 JOANNIS
808 328 926 358 PAPAE
949 327 1050 358 XXII.
1075 328 1323 367 (1316-1334).
1346 345 1384 350 —
1407 328 1592 358 LITTERAE
1615 327 1839 358 COMMUNES
2183 329 2240 360 261

647 511 777 542 niacen.
794 517 1026 541 successorem
1046 508 1144 539 facta.
1165 524 1203 530 ——
1220 508 1246 538 I.
1263 516 1292 538 e.
1310 516 1354 538 m.
1372 507 1447 538 abb.
1469 509 1614 538 monast.
1632 508 1672 539 de
1688 509 1799 539 Monte
1816 508 1848 539 S.
1865 508 1923 545 Μ.,
1938 508 2109 540 Bisuntin.
2129 508 2190 544 di.,
2210 509 2244 540 et

647 564 860 604 Lugdunen„
877 571 915 594 ac
932 563 973 593 de
989 561 1168 601 Campinia
1192 561 1347 591 Leodien.
1372 560 1532 591 archid.is
1558 561 1638 591 eccl.
1660 562 1713 600 (A.
1734 563 1782 597 15,
1800 562 1822 592 f.
1839 563 1897 592 144
1912 561 1946 598 b;
1968 561 2004 593 V.
2022 563 2071 598 72,
2089 570 2140 601 ep.
2157 561 2246 602 933.)

693 613 828 646 13134.
847 634 884 639 -
900 616 1055 647 Potestas
1073 614 1203 655 symoni
1218 614 1265 643 tit.
1282 623 1306 643 s.
1328 613 1440 643 Priscae
1463 613 1562 653 presb.
1583 613 1667 643 card.
1686 614 1831 644 faciendi
1848 614 2036 645 ministrari
2060 614 2133 654 ejus
2148 614 2244 646 cleri·

648 670 709 708 cis,
727 660 834 701 famil.
851 670 885 700 et
908 667 1117 704 domesticis,
1132 667 1264 698 fructus
1279 666 1390 697 benef.
1409 674 1549 696 suorum
1565 666 1694 705 absque
1711 667 1897 698 residentia
1910 667 2009 707 juxta
2026 669 2177 699 tenorem
2194 668 2244 698 in-

648 723 735 754 dulti
750 723 817 762 ipsi
832 721 985 754 concessi
1001 720 1054 752 die
1070 720 1252 760 praeterita.
1271 719 1323 758 (A.
1349 721 1397 756 14,
1416 719 1439 749 f.
1455 720 1514 750 353
1531 718 1564 756 b;
1594 718 1624 748 V.
1644 721 1694 755 71,
1713 728 1765 758 ep.
1783 721 1868 757 545.)

692 775 704 787 “
727 773 863 806 13135.
882 793 920 799 -
940 774 1053 806 Mand.
1078 773 1236 813 archiep.o
1255 771 1454 803 cantuarien.
1474 773 1510 802 ut
1530 772 1572 802 ad
1599 772 1664 802 PP.
1684 772 1747 802 sub
1770 772 1836 802 fida
1861 773 2015 803 custodia
2034 773 2245 804 transmittat

647 829 811 861 Jacobum
828 829 868 860 de
883 827 1046 860 Cusantia
1061 835 1150 858 mon.
1167 826 1339 866 prioratus
1354 825 1490 861 Lewen,
1507 825 1578 855 ord.
1594 824 1803 862 Cluniacen.,
1823 825 2007 857 Cicestren.
2020 826 2079 863 di.,
2098 828 2130 857 et
2146 827 2247 857 Joan·

649 891 726 914 nem
741 882 782 913 de
803 882 916 913 Monte
934 880 1073 912 Martini
1090 880 1238 920 priorem
1263 879 1371 918 ejusd.
1389 878 1575 918 prioratus,
1595 878 1654 916 qui
1670 878 1794 917 quond.
1813 878 1953 909 fratrem
1965 878 2182 910 Willelmum
2205 879 2246 910 de

648 936 795 967 Avernis
808 934 958 975 priorem
973 934 1144 974 prioratus
1166 933 1205 964 B.
1219 933 1264 964 M.
1284 932 1325 963 de
1340 930 1548 963 Pritelwelle
1565 931 1671 970 ejusd.
1691 931 1775 967 ord.‚
1796 931 2003 962 Londonien.
2025 932 2084 967 di.,
2106 941 2181 962 cum
2197 932 2248 962 in-

649 988 741 1029 genti
766 996 907 1019 numero
925 987 1134 1018 armatorum
1153 985 1314 1017 atrociter
1329 985 1364 1015 in
1381 984 1490 1024 capite
1506 984 1727 1015 vulnerarunt
1747 984 1889 1014 missam
1909 984 1951 1015 ad
1967 993 2125 1024 magnum
2143 985 2248 1015 altare

650 1041 878 1073 celebrantem
897 1042 930 1072 et
947 1041 1078 1080 Corpus
1095 1039 1236 1071 Domini
1258 1040 1338 1069 tunc
1352 1039 1536 1074 tenentem,
1553 1036 1733 1076 ipsumque
1748 1037 1830 1067 adeo
1850 1036 2079 1068 inhumaniter
2102 1038 2246 1076 pertrac-

650 1096 764 1126 tarunt
789 1094 880 1134 quod
894 1094 1009 1134 ipsum
1024 1093 1156 1132 Corpus
1171 1092 1211 1123 de
1236 1091 1395 1123 manibus
1414 1091 1487 1130 ejus
1501 1098 1604 1130 super
1621 1090 1856 1129 pavimentum
1870 1090 1950 1121 eccl.
1971 1090 2102 1127 cecidit,
2123 1092 2154 1121 et
2175 1099 2250 1120 san-

651 1148 728 1188 guis
749 1148 792 1179 de
807 1146 1008 1179 vulneribus
1023 1147 1099 1186 ipso
1116 1145 1293 1178 Willelmo
1312 1145 1361 1175 sic
1376 1144 1484 1175 illatis
1503 1152 1665 1175 emanans
1687 1145 1756 1174 tam
1779 1152 1881 1183 super
1905 1143 2035 1183 Corpus
2058 1143 2172 1182 ipsum
2187 1144 2251 1174 Do-

651 1201 815 1232 minicum
832 1209 935 1241 quam
953 1208 1056 1240 super
1076 1199 1187 1239 pallas
1203 1198 1322 1229 altaris
1345 1199 1559 1229 consecratas
1575 1196 1720 1233 effluxit,
1737 1196 1933 1236 dictumque
1949 1196 2089 1227 fratrem
2110 1196 2253 1228 Guillel-

653 1263 747 1286 mum
762 1253 916 1285 vestibus
932 1251 1202 1284 sacerdotalibus
1220 1251 1376 1282 indutum
1394 1259 1470 1282 cum
1490 1250 1703 1290 manutergio
1719 1251 1851 1281 sacrato
1869 1257 1930 1289 per
1947 1249 2072 1280 collum
2089 1257 2156 1280 una
2176 1258 2253 1280 cum

651 1307 764 1339 tribus
782 1306 946 1338 fratribus
973 1307 1046 1337 suis
1072 1305 1247 1337 monachis
1274 1303 1357 1335 dicti
1378 1313 1488 1340 conv„
1511 1303 1580 1343 ipsi
1609 1303 1645 1333 in
1666 1303 1773 1334 sacris
1797 1302 2050 1337 assistentibus,
2075 1311 2136 1342 per
2158 1303 2253 1341 ipsos

653 1360 825 1393 lethaliter
847 1359 1048 1396 vulneratiS,
1068 1358 1111 1390 ab
1135 1358 1253 1390 eadem
1277 1357 1358 1389 eccl.
1383 1365 1443 1396 per
1460 1356 1658 1388 violentiam
1673 1357 1894 1387 extraxerunt
1911 1357 1944 1387 et
1962 1356 2077 1395 ligatis
2093 1355 2252 1386 manibus

655 1423 693 1446 ac
714 1413 858 1453 pedibus
874 1413 910 1444 in
923 1412 1104 1453 quamdam
1121 1411 1320 1451 quadrigam
1334 1410 1522 1441 deformem
1539 1409 1761 1450 projecerunt,
1782 1418 1907 1449 eosque
1925 1409 1968 1440 ad
1985 1409 2112 1440 dictum
2129 1409 2256 1447 priora-

653 1468 727 1498 tum
742 1468 879 1499 Lewen.
893 1466 1056 1497 adductos
1067 1464 1193 1496 carceri
1204 1463 1451 1503 manciparunt,
1466 1462 1526 1494 ubi
1533 1464 1671 1503 propter
1682 1463 1824 1493 nimiam
1838 1463 2080 1494 tormentorum
2097 1462 2253 1492 sevitiam

655 1521 766 1552 dictus
782 1520 887 1551 frater
902 1519 1101 1551 willelmus
1115 1517 1357 1548 miserabiliter
1375 1516 1555 1556 expiravit.
1573 1516 1625 1554 (A.
1646 1518 1694 1553 14,
1711 1516 1734 1546 f.
1752 1517 1811 1547 354
1825 1521 1855 1553 ²;
1881 1515 1913 1546 V.
1936 1517 1986 1553 71,
2004 1524 2056 1555 ep.
2073 1515 2161 1554 553.)

700 1573 711 1584 “
735 1570 870 1602 13136.
894 1589 933 1595 ·-
948 1571 1027 1604 Abb.
1047 1575 1176 1601 monast.
1193 1580 1218 1601 s.
1237 1570 1376 1610 Spiritus
1391 1568 1428 1600 de
1447 1569 1592 1599 Mur-rone
1605 1579 1704 1610 prope
1722 1568 1902 1599 Sulmonam
1921 1568 1962 1599 ad
1975 1568 2014 1599 B.
2032 1568 2073 1598 E.
2093 1566 2178 1598 nullo
2194 1577 2251 1598 me-

656 1627 706 1658 dio
722 1626 850 1668 pertin„
869 1625 903 1656 O.
920 1627 955 1656 S.
972 1625 1025 1662 B.,
1047 1624 1161 1656 Vatvcn
1175 1624 1232 1659 di.,
1249 1633 1284 1653 ac
1297 1623 1380 1653 univ.
1396 1622 1552 1663 prioribus
1568 1627 1595 1652 et
1606 1621 1759 1662 fratribus
1777 1622 2026 1652 monasteriorum
2043 1621 2102 1651 eid.
2119 1626 2250 1652 monast.

655 1680 871 1720 subjectorum,
896 1689 954 1719 per
975 1678 1098 1719 priores
1114 1676 1185 1718 qub.
1210 1676 1380 1714 solitorum,
1397 1676 1471 1706 dicct
1490 1675 1569 1713 ord„
1587 1675 1750 1706 secundum
1768 1675 1908 1705 instituta
1924 1674 2089 1705 recolendae
2105 1675 2254 1705 memoriae

655 1744 679 1765 s.
695 1733 784 1764 Petri
801 1732 979 1773 confessoris
995 1731 1175 1768 viventibus,
1189 1729 1389 1771 praesentibus
1405 1729 1572 1769 obfuturis.
1593 1729 1844 1760 Confirmantur
1860 1729 1987 1760 statuta
2002 1728 2131 1759 ordinis
2151 1737 2178 1759 s.
2193 1728 2254 1759 Pe-

655 1787 701 1818 tri
717 1787 757 1818 de
773 1787 932 1818 Murrone
950 1795 1024 1825 quae
1038 1785 1248 1816 inseruntur.
1266 1783 1320 1824 (A.
1341 1785 1390 1819 14,
1407 1782 1428 1813 f.
1447 1784 1505 1813 247
1520 1782 1556 1818 ¹³3
1580 1782 1615 1814 V.
1631 1784 1680 1817 71,
1699 1791 1752 1821 ep.
1771 1783 1855 1820 559.)

703 1837 838 1870 13137.
863 1858 901 1863 -
917 1838 1181 1870 Testimoniales
1196 1837 1380 1868 consecrat.
1398 1835 1542 1876 Philippi
1553 1835 1615 1876 ep.i
1627 1834 1701 1865 eccl.
1718 1834 1888 1875 Corlcayen.
1901 1835 1978 1875 post
1995 1834 2254 1866 translationem

655 1893 798 1925 Joannis
814 1893 855 1924 ad
875 1893 1105 1932 episcopatum
1120 1891 1245 1922 Miden.
1261 1889 1420 1929 promoti.
1440 1889 1493 1929 (A.
1512 1890 1561 1925 15,
1586 1889 1608 1920 f.
1630 1890 1687 1920 160
1700 1894 1730 1926 ει;
1758 1888 1790 1919 V.
1811 1890 1860 1926 72,
1878 1897 1930 1928 ep.
1950 1888 2035 1928 781.)

704 1943 839 1976 13138.
857 1962 895 1967 -
915 1945 1037 1976 Collat.
1056 1944 1111 1975 off.
1126 1943 1356 1983 praepositurae
1381 1942 1525 1973 Monast.
1544 1941 1632 1973 Novi
1649 1941 1834 1976 pictaven„
1852 1941 1960 1981 ejusd.
1976 1941 2151 1972 monachis
2169 1941 2254 1972 assi·

657 2000 754 2040 gnari
770 1998 936 2035 consueti,
961 1997 1158 2029 Cluniacen.
1176 1996 1261 2031 ord.,
1285 2004 1345 2035 per
1364 1995 1561 2031 obit-,Petri
1576 1994 1707 2026 Lachoe
1730 2003 1815 2030 vac.‚
1842 1993 2006 2024 Guillelmo
2027 1994 2063 2024 de
2086 1993 2254 2035 Bazilheyo

657 2053 766 2093 ejusd.
783 2054 929 2083 monast.
945 2060 1037 2083 mon.
1051 2068 1089 2073 —
1105 2051 1132 2081 Ι.
1154 2059 1183 2081 8.
1203 2058 1247 2080 m.
1267 2048 1342 2080 abb.
1362 2049 1505 2079 monast.
1522 2057 1550 2079 s.
1568 2048 1730 2088 Cypriani
1745 2048 1931 2087 Plctaven„
1949 2049 1982 2079 et
1998 2056 2085 2087 mag.
2106 2048 2255 2079 Arnaldo

658 2107 775 2147 Regis,
791 2105 951 2142 Melden.,
970 2105 1036 2136 ΡΡ.
1051 2112 1138 2144 cap„
1155 2112 1192 2134 ac
1211 2102 1359 2135 Guidoni
1375 2102 1415 2133 de
1438 2101 1588 2138 Malleio,
1607 2102 1775 2132 Turonen.
1794 2101 1874 2132 eccl.
1891 2109 1963 2132 can.
1984 2101 2037 2140 (A.
2056 2102 2105 2138 15,
2124 2100 2145 2131 f.
2164 2101 2203 2132 58
2219 2100 2254 2136 Ι),

663 2160 699 2192 V.
716 2161 766 2197 72,
782 2168 835 2199 ep.
853 2158 937 2198 721.)

705 2209 840 2243 13139.
858 2229 895 2234 -
920 2211 1008 2243 Unio
1032 2209 1158 2241 ruralis
1176 2209 1256 2240 eccl.
1277 2218 1304 2240 s.
1324 2207 1464 2240 Eusebii
1487 2216 1591 2247 prope
1617 2207 1770 2244 Asulam,
1789 2207 1939 2239 Brixien.
1969 2207 2029 2244 di.,
2049 2207 2090 2238 ad
2110 2208 2256 2238 monast.

660 2275 689 2298 s.
706 2265 836 2306 AEgidii
859 2265 894 2296 in
922 2263 1116 2301 Provincia,
1130 2263 1172 2294 ad
1194 2263 1239 2296 Β.
1262 2262 1300 2293 Ε.
1318 2262 1512 2293 immediate
1540 2260 1741 2301 subjectum,
1765 2261 1803 2292 O.
1829 2260 1861 2292 S.
1882 2261 1933 2298 B.,
1962 2261 2166 2292 Nemausen.
2197 2260 2255 2298 di.,

659 2319 760 2360 pleno
773 2319 849 2359 jure
865 2317 1003 2358 pertin,
1017 2316 1104 2348 facta
1121 2316 1236 2347 favore
1253 2324 1343 2356 mag.
1360 2314 1550 2346 Bartholini
1563 2315 1603 2349 de
1617 2315 1751 2345 Buarno
1768 2313 1894 2345 archid.
1913 2313 1993 2344 eccl.
2010 2313 2177 2352 Brixien.,
2189 2313 2255 2344 PP.

661 2373 790 2412 script„
806 2373 839 2403 et
855 2371 929 2411 eJus
955 2370 991 2401 in
1014 2369 1194 2401 archidiac.
1223 2377 1472 2404 successorum,
1502 2367 1565 2398 sub
1583 2376 1694 2398 annuo
1710 2375 1813 2398 censu
1831 2366 1933 2398 unius
1959 2366 2102 2397 marchoe
2127 2366 2257 2405 argenti

661 2425 777 2456 favore
793 2423 926 2464 praefati
941 2422 1151 2454 monasterii.
1170 2439 1209 2444 —
1230 2421 1253 2452 I.
1271 2430 1300 2452 e.
1322 2430 1367 2452 m.
1384 2429 1459 2460 ep.0
1478 2420 1687 2458 Brixien.,et
1703 2419 1778 2450 abl).
1795 2420 1940 2450 monast.
1956 2410 2039 2450 des.
2056 2418 2256 2458 Euphemia,

662 2487 700 2510 ac
715 2477 822 2517 priori
836 2477 877 2508 de
893 2476 1060 2516 Nedingo,
1078 2475 1229 2507 Brixien.
1247 2475 1293 2506 di.
1318 2475 1369 2515 (A.
1388 2475 1436 2510 14,
1453 2473 1475 2504 f.
1492 2475 1551 2505 314
1567 2473 1600 2510 ¹³3
1622 2472 1655 2503 V.
1676 2475 1726 2510 71,
1746 2481 1798 2512 ep.
1815 2471 1900 2512 578.)

708 2531 718 2542 ·
741 2526 878 2560 13140.
893 2530 937 2552 '—
953 2528 1173 2561 Confirmatio
1189 2527 1415 2559 ordinationis
1432 2527 1526 2558 factae
1543 2535 1601 2566 per
1621 2525 1777 2563 decanum,
1796 2529 1876 2556 cant.
1896 2530 1923 2555 et
1941 2525 2034 2564 capit.
2054 2523 2126 2555 ecel.
2139 2534 2164 2554 s.
2187 2523 2260 2554 Ger-

663 2583 744 2615 mani
767 2581 999 2614 Autisiodoren.
1014 2581 1169 2612 Parisien.
1186 2589 1246 2621 per
1263 2589 1365 2622 quam
1381 2580 1564 2620 proventus
1581 2587 1609 2610 s.
1626 2578 1813 2611 Salvatoris
1831 2580 1863 2610 et
1887 2587 1915 2608 s.
1931 2577 2106 2609 Eustachii
2121 2577 2256 2616 paroch.

663 2636 744 2669 eccl.
764 2635 946 2673 Parisien.‚
973 2634 1015 2666 ad
1031 2634 1231 2666 decanatum
1258 2634 1355 2665 dictae
1379 2633 1460 2664 eccl.
1490 2641 1518 2663 s.
1537 2631 1697 2663 Germani
1722 2631 1959 2671 spectantium,
1980 2631 2015 2661 in
2042 2631 2260 2670 augmentum

664 2689 944 2722 distribufionum
961 2688 1235 2728 quotidianarum
1251 2687 1503 2718 conversantur.
1520 2685 1570 2724 (A.
1591 2686 1640 2721 14,
1658 2685 1680 2715 f.
1697 2685 1755 2715 347
1770 2689 1803 2721 ³3
1825 2684 1863 2716 V.
1879 2686 1928 2722 71,
1947 2692 1999 2723 ep.
2017 2684 2102 2723 512.)

711 2739 848 2772 13141.
866 2759 904 2764 —
921 2741 1033 2773 Mand.
1050 2750 1120 2782 epo
1134 2739 1337 2781 Her-esorden.
1355 2740 1391 2770 ut
1407 2739 1496 2770 int'ra
1513 2749 1547 2769 111
1566 2746 1700 2769 menses
1713 2738 1754 2768 ad
1771 2737 1898 2777 Papam
1909 2736 2115 2768 transmittat
2128 2744 2259 2776 proces·

666 2804 742 2827 sum
756 2804 816 2835 per
827 2795 941 2835 ipsum
958 2794 1074 2834 vigore
1089 2793 1281 2825 litterarum
1299 2793 1407 2832 apost.
1426 2791 1576 2822 habitum
1591 2791 1707 2822 contra
1723 2789 1800 2821 abb.
1818 2791 1850 2821 et
1867 2798 1961 2821 conv.
1978 2790 2122 2820 monast.
2137 2798 2165 2820 s.
2180 2790 2261 2821 Vin-

666 2848 770 2881 centii
788 2848 1026 2884 cenomanen„
1051 2847 1091 2879 Ο.
1110 2846 1143 2877 S.
1168 2847 1219 2883 B.,
1245 2845 1419 2877 occasione
1443 2845 1613 2885 prioratus
1636 2844 1673 2875 B.
1697 2843 1742 2874 M.
1768 2843 1808 2873 de
1826 2842 2048 2882 Bergueneni,
2073 2842 2153 2873 dicti
2177 2842 2262 2878 ord„

667 2901 862 2934 Laudanen.
882 2899 941 2937 di.,
965 2899 1054 2930 dicto
1077 2900 1223 2930 monast.
1248 2897 1444 2929 immediate
1465 2896 1620 2936 subjecti,
1648 2904 1723 2927 cum
1746 2895 1903 2926 citatione
1924 2895 2086 2926 adversus
2108 2895 2265 2926 eumdem

668 2963 782 2995 ep.um
798 2961 996 2994 processum
1012 2951 1218 2992 hujusmodi,
1236 2951 1267 2981 si
1282 2950 1417 2990 poterit,
1435 2950 1666 2980 defensurum.
1686 2948 1763 2988 Ipse
1780 2948 1870 2979 enim
1884 2957 1980 2988 ep.us
1995 2948 2161 2979 dictarum
2177 2948 2266 2980 litte-

669 3015 784 3040 rarum
802 3006 911 3038 forma
926 3005 1064 3037 minime
1081 3004 1259 3036 observata
1276 3003 1317 3035 ad
1332 3002 1528 3034 instantiam
1548 3011 1580 3033 n.
1599 3011 1629 3034 v.
1647 3001 1789 3033 Joannis
1807 3001 1847 3032 de
1868 3001 2048 3042 Astinguel
2065 3001 2106 3032 de
2121 3002 2266 3041 Ber-gue-

380 3062 525 3090 somxls
543 3062 682 3107 xxm-
701 3061 733 3088 T.
754 3060 800 3087 111.
2087 3054 2123 3082 34
