2626 3568
373 351 393 380 2

404 439 509 467 Datum
526 435 712 468 Avenione.

398 541 416 569 5
432 542 525 577 (non.)
539 546 609 578 sept.
627 541 716 570 1319.

466 586 497 613 Τ.
512 587 559 621 xi,
578 585 648 615 xm.

514 754 638 782 Uts'

451 799 482 826 Τ.
499 799 557 832 ΧΧ,
573 774 656 828 ὶξΧΠ.

368 967 386 994 6
406 968 474 1003 (vm
495 967 547 1003 id.)
563 953 641 1016 sept.{
654 967 741 996 1319.

507 1076 544 1103 Ut
565 1084 589 1104 s.
635 1093 637 1106 ι

377 1235 395 1263 7
410 1239 466 1271 (vn
483 1236 536 1270 id.)
549 1240 618 1272 sept.
637 1237 726 1265 1319.

512 1503 549 1531 L't
565 1511 587 1531 s.

509 1718 544 1746 Ut
561 1726 589 1747 s.

485 1763 515 1789 T.
535 1762 608 1793 xvl.

508 1824 544 1852 Ut
560 1833 587 1853 s.

489 1869 519 1896 T.
540 1869 598 1898 XX.

505 1932 541 1960 Ut
562 1940 588 1962 s-

505 2146 540 2174 Ut
562 2155 587 2174 s.

504 2308 539 2335 Ut
559 2316 582 2335 s.

467 2353 499 2380 T.
521 2353 624 2382 xxiv:

497 2575 572 2604 Uts

481 2621 511 2649 T.
533 2598 606 2649 xvi.
666 2636 667 2639 ,

504 2790 539 2817 Ut
560 2798 583 2817 s.

477 2835 508 2861 Τ.
530 2834 603 2861 XVI.

500 2950 532 2977 Ut
555 2958 579 2976 s.

777 348 950 380 JOANNIS
974 348 1092 380 PAPAE
1114 349 1217 380 XXII.
1241 351 1492 391 (1316-1334).
1515 370 1553 375 —
1575 352 1762 384 LITTERAE
1785 353 2012 386 COMMUNES

849 535 982 567 10287.
1003 556 1040 562 -
1056 537 1191 568 Manueli
1209 538 1247 569 de
1274 537 1454 576 Canalibus,
1477 547 1569 570 mon.
1594 541 1739 571 monast.
1766 540 1807 571 de
1824 540 1938 578 Clusa,
1957 541 1996 573 Ο.
2016 540 2050 573 S.
2071 541 2123 579 B..
2141 540 2324 573 Taurinen.
2344 540 2404 578 di„

801 592 910 632 gratia
923 601 1018 632 exsp.
1039 592 1191 631 priorat.‚
1210 592 1316 632 dign„
1328 592 1383 624 vel
1397 592 1603 630 administr.,
1617 601 1678 624 seu
1690 594 1760 630 off„
1772 596 1830 624 aut
1845 592 1955 625 benef.
1970 602 1997 625 c.
2010 603 2039 625 c.
2050 594 2116 626 vel.
2131 603 2159 626 s.
2175 603 2217 632 c.,
2233 594 2275 626 ad
2290 593 2406 626 collat.

801 644 876 677 abb.
896 647 929 676 et
948 653 1043 677 conv.
1071 646 1218 676 monast.
1241 645 1372 685 praefati
1390 646 1527 685 pertin.‚
1544 646 1615 686 (100
1629 645 1687 678 lib.
1707 647 1787 685 tur.)
1805 664 1844 669 -
1859 646 1886 678 Ι.
1907 655 1938 678 e.
1956 655 2003 678 m.
2020 655 2137 688 praep.‚
2156 647 2283 679 archid.
2300 656 2338 679 ac
2356 656 2406 679 ar—

800 698 906 738 chipr.
928 698 1008 729 eccl.
1026 698 1210 730 Taurinen.
1235 698 1287 739 (A.
1309 700 1358 736 13,
1377 699 1400 729 f.
1417 700 1478 731 500
1495 698 1529 735 ¹³3
1560 698 1597 730 V.
1615 700 1666 736 70,
1685 707 1738 739 ep.
1757 699 1862 739 1083.)

847 749 982 780 10288.
998 769 1037 774 -
1053 751 1252 783 Exhortatio
1270 753 1310 783 ad
1326 761 1490 792 personas
1506 752 1696 784 ecclesiast.
1714 753 1804 784 civit.
1825 755 1857 785 et
1873 753 1920 784 di.
1936 753 2120 785 Taurinen.
2141 755 2177 785 ut
2193 753 2405 785 moderatum

800 805 994 837 subsidium
1010 807 1147 846 erogent
1162 805 1223 837 hae
1246 806 1320 837 vice
1338 805 1488 838 Gnidoni
1506 815 1582 846 ep.o
1599 807 1632 838 et
1652 806 1734 838 eccl.
1751 807 1937 838 Taurinen.
1954 806 2079 839 debitis
2096 807 2258 847 gravatis.
2277 825 2314 830 —
2329 807 2357 839 1.
2375 815 2406 839 e.

799 868 845 891 m.
862 859 897 891 S.
914 859 959 890 M.
980 859 1021 890 de
1039 858 1225 894 Pinarolio‚
1243 860 1276 890 et
1293 859 1334 891 de
1359 859 1500 891 Secusia
1516 861 1662 892 monast.
1685 859 1775 897 abb„
1793 869 1831 891 ac
1848 869 1951 900 praep.
1968 860 2048 892 eccl.
2067 860 2108 892 de
2130 861 2300 898 Marzano,
2318 861 2406 892 Tau·

798 913 908 944 rinen.
932 914 965 944 et
979 914 1097 944 Asten.
1113 913 1159 943 di.
1180 912 1232 951 (A.
1252 914 1300 950 13,
1317 913 1342 944 f.
1357 914 1438 948 403;
1464 913 1500 945 V.
1519 914 1569 951 70,
1586 922 1638 953 ep.
1658 914 1764 950 1090.)

846 963 981 995 10289.
996 984 1036 989 -
1050 965 1212 997 Guillelmo
1231 976 1257 996 s.
1272 965 1398 997 Nic-olai
1413 968 1446 996 in
1466 966 1598 998 Car-cere
1613 966 1758 998 Tulliano
1776 966 1857 998 diac.
1878 966 1964 998 card.
1986 967 2087 998 facul.
2109 967 2267 999 testandi.
2281 967 2335 1006 (V.
2352 968 2403 1006 70,

798 1029 851 1060 ep.
870 1021 932 1059 10.)

845 1071 979 1102 10290.
999 1091 1038 1096 —-
1056 1073 1221 1114 Raynaldo
1233 1073 1270 1104 de
1284 1084 1309 1103 s.
1328 1073 1502 1111 Arthemia‚
1516 1074 1631 1104 rectori
1642 1073 1770 1104 ducatus
1782 1073 1871 1105 vallis
1885 1073 2063 1115 Spoletan„
2082 1074 2183 1106 facul.
2201 1073 2407 1106 concedendi

795 1127 1040 1159 tabellionatus
1054 1127 1109 1159 off.
1128 1127 1189 1158 uni
1205 1135 1360 1167 personae
1377 1127 1506 1158 idoneae
1521 1136 1541 1158 a
1557 1127 1688 1159 Joanne
1704 1128 1745 1159 de
1761 1128 1906 1165 Amelio,
1927 1127 1996 1159 ΡΡ.
2014 1128 2165 1160 thesaur.
2183 1128 2219 1159 in
2237 1128 2327 1160 dicto
2344 1128 2405 1160 du-

796 1182 882 1218 cato,
900 1181 1126 1212 nominandae.
1144 1180 1195 1220 (V.
1209 1182 1259 1217 70,
1271 1189 1324 1220 ep.
1343 1171 1423 1212 1612
1438 1180 1496 1221 D.)

842 1231 977 1263 10291.
998 1251 1036 1256 --
1051 1233 1130 1266 Abb.
1149 1238 1280 1264 monast.
1294 1233 1494 1271 Silvaeclarae,
1511 1232 1639 1265 Cisterc.
1659 1234 1740 1272 ord„
1755 1234 1938 1265 Lascurren.
1952 1234 2010 1272 di„
2029 1235 2216 1266 remittitur
2230 1235 2405 1267 Arnaldus

794 1288 984 1326 Guillelmi‚
1005 1297 1096 1319 mon.
1112 1288 1167 1319 sui
1183 1290 1342 1326 monast„
1362 1287 1540 1319 absolutus
1556 1287 1598 1319 ab
1612 1297 1741 1319 excom.
1760 1288 1940 1326 sententia,
1958 1297 2062 1328 quam
2074 1288 2268 1320 incurrebat
2281 1297 2405 1321 manus

795 1341 978 1381 injiciendo
991 1341 1027 1373 in
1041 1342 1253 1373 Bernardum
1262 1341 1303 1372 de
1315 1341 1480 1378 Labacuc,
1491 1350 1580 1373 mon.
1592 1344 1739 1373 monast.
1751 1342 1792 1373 de
1803 1341 1994 1379 Gemundo,
2010 1341 2119 1382 ejusd.
2135 1341 2219 1379 ord„
2237 1341 2402 1374 Auxitan.

795 1396 855 1432 di.‚
872 1397 952 1426 tunc
969 1395 1045 1426 abb.
1064 1395 1146 1426 dicti
1162 1396 1309 1426 monast.
1324 1395 1539 1433 Silvaeclarae,
1558 1397 1590 1427 et
1606 1395 1720 1427 mand.
1741 1397 1778 1427 ut
1795 1395 1848 1427 illi
1872 1395 2106 1436 poenitentiam
2125 1395 2280 1436 injungat
2303 1395 2403 1436 juxta

794 1449 875 1480 dicti
899 1449 1029 1480 ordinis
1045 1449 1214 1480 instituta.
1236 1448 1289 1488 (V.
1311 1450 1361 1486 70,
1379 1457 1431 1488 ep.
1451 1448 1498 1488 5.)

841 1500 976 1531 10292.
994 1520 1033 1525 -
1048 1502 1134 1543 Ep.o
1159 1501 1356 1533 Wormatien.
1378 1502 1491 1533 mand.
1512 1503 1549 1533 ut
1567 1501 1609 1533 ab
1626 1511 1757 1534 excom.
1774 1503 1943 1535 sententia
1958 1502 2113 1534 absolvat
2127 1502 2294 1543 quosdam
2309 1510 2401 1536 mon.

795 1558 939 1587 monast.
960 1557 995 1587 in
1016 1556 1215 1596 Scovangia,
1233 1556 1374 1587 Cisterc.
1393 1555 1479 1591 ord„
1495 1556 1706 1587 Vormatien.
1726 1556 1786 1592 di„
1803 1557 1862 1596 qui
1879 1555 1956 1587 abb.
1972 1555 2055 1587 dicti
2072 1557 2218 1588 monast.
2238 1564 2307 1588 non
2329 1555 2404 1588 sine

794 1610 958 1641 effusione
973 1610 1162 1650 sanguinis,
1178 1609 1239 1640 sed
1253 1609 1382 1649 absque
1399 1609 1627 1645 mutilatione,
1642 1611 1812 1649 ceperant,
1828 1612 1861 1641 et
1874 1610 2046 1650 captivum
2058 1618 2118 1649 per
2128 1618 2235 1641 unum
2248 1617 2402 1642 mensem
2469 1635 2473 1638 .

793 1664 981 1695 tenuerant.
1004 1663 1059 1704 (A.
1078 1665 1127 1700 13,
1145 1663 1167 1693 f.
1196 1664 1276 1700 123;
1298 1662 1334 1694 V.
1352 1664 1402 1697 70,
1419 1671 1471 1703 ep.
1491 1664 1576 1701 235.)

840 1714 974 1746 10293.
995 1735 1034 1739 -
1056 1716 1133 1748 Eid.
1163 1716 1277 1748 mand.
1307 1717 1343 1747 ut
1365 1715 1521 1747 absolvat
1541 1717 1707 1757 quosdam
1731 1716 1818 1747 alios
1840 1725 1930 1748 mon.
1960 1716 2125 1748 moxdicti
2146 1717 2307 1754 monast„
2326 1716 2400 1748 ead.

793 1779 896 1801 causa
910 1770 1233 1801 excommunicatos.
1255 1770 1309 1810 (A.
1330 1772 1378 1807 13,
1395 1770 1419 1800 f.
1444 1771 1502 1801 123
1519 1769 1551 1807 ¹³3
1576 1770 1612 1801 V.
1633 1772 1683 1807 70.
1701 1779 1753 1810 ep.
1774 1769 1857 1810 236.)

840 1821 974 1852 10294.
993 1842 1032 1847 -
1046 1824 1210 1855 Joannide
1225 1823 1393 1860 Medianas,
1413 1823 1514 1864 presb.
1537 1823 1674 1864 Burqen.
1699 1823 1757 1861 di„
1778 1823 1931 1864 dispens.
1953 1832 2056 1863 super
2072 1823 2206 1855 defectu
2222 1823 2401 1873 natalium.

795 1878 847 1918 (A.
864 1880 911 1914 13,
932 1878 953 1908 f.
972 1879 1047 1914 2923
1068 1877 1102 1909 V.
1121 1879 1171 1915 70,
1189 1886 1229 1917 ep
1257 1877 1342 1917 286.)

840 1928 973 1960 10285.
994 1948 1031 1952 ——
1046 1931 1130 1971 Εμο
1144 1931 1305 1971 Nepesin.,
1322 1930 1413 1971 Papae
1428 1931 1461 1961 in
1478 1929 1559 1961 Urbe
1569 1930 1695 1967 vicario,
1713 1931 1826 1961 mand.
1842 1933 1878 1961 ut
1895 1930 2071 1969 dispenset
2082 1930 2185 1970 super
2199 1935 2247 1961 1v⁰
2262 1939 2401 1963 consan·
2429 1966 2431 1968 ,

792 1986 884 2025 guin.
904 1986 1009 2025 gradu
1028 1986 1062 2015 in
1089 1985 1238 2015 matrim.
1258 1985 1330 2024 jam
1351 1986 1523 2015 contracto
1542 1986 1575 2015 et
1600 1993 1667 2015 non
1689 1985 1891 2024 consumpto
1907 1984 1996 2015 inter
2014 1992 2047 2014 n.
2070 1993 2102 2014 v.
2122 1983 2264 2015 Petrum
2282 1985 2402 2016 natum

792 2039 916 2078 quond.
934 2038 1109 2070 Francisci
1128 2039 1168 2069 de
1188 2038 1405 2069 Palomharia
1421 2039 1453 2069 et.
1470 2038 1717 2075 Constantiam,
1744 2039 1859 2069 natam
1874 2046 1907 2069 n.
1930 2046 1960 2067 v.
1987 2037 2111 2078 Angeli
2132 2037 2173 2069 de
2194 2046 2222 2068 s.
2246 2037 2400 2076 Alberto,

791 2093 883 2123 cives
899 2093 1084 2123 Romanos.
1105 2092 1155 2129 (A.
1177 2093 1225 2129 13,
1248 2092 1269 2122 f.
1288 2093 1350 2127 50;
1381 2091 1412 2123 V.
1430 2093 1479 2128 70,
1497 2100 1550 2131 ep.
1568 2091 1656 2131 336.)
2390 2099 2397 2106 ·

839 2143 970 2174 10296.
994 2164 1031 2168 -
1050 2145 1135 2186 Epo
1156 2144 1327 2176 Corduben.
1346 2145 1459 2176 mand.
1484 2147 1519 2175 ut
1534 2145 1710 2184 dispenset
1727 2153 1830 2184 super
1850 2144 2094 2184 impedimento
2115 2143 2259 2184 publicae
2276 2144 2398 2176 hones-

791 2200 871 2230 tatis
888 2200 922 2230 in
941 2200 1086 2230 matrim.
1103 2199 1173 2238 jam
1189 2200 1360 2230 contracto
1377 2199 1465 2229 inter
1476 2198 1683 2230 Rodericum
1699 2198 1809 2229 filium
1826 2197 1955 2238 Pelagii
1979 2198 2069 2229 Ariae
2083 2197 2123 2229 de
2141 2198 2261 2229 Castro
2276 2197 2350 2229 mil.
2366 2198 2400 2230 et

790 2253 988 2285 Theresiam
1003 2253 1110 2284 filiam
1127 2262 1159 2284 n.
1179 2262 1210 2283 V.
1226 2253 1369 2283 Joannis
1386 2253 1524 2283 Martini
1544 2253 1584 2283 de
1601 2253 1716 2292 Argot.
1736 2252 1789 2292 (A.
1810 2253 1858 2289 13,
1876 2252 1898 2282 f.
1915 2253 1992 2289 138;
2020 2251 2057 2282 V.
2073 2253 2123 2289 70,
2138 2260 2192 2291 ep.
2209 2251 2297 2291 380.)

837 2303 971 2335 10297.
989 2324 1027 2329 -
1038 2306 1220 2338 Absolutio
1235 2306 1276 2337 ab
1290 2315 1419 2337 excom.
1436 2306 1574 2337 incursa
1586 2315 1605 2336 a
1617 2305 1780 2337 Guillelmo
1795 2305 1831 2335 de
1844 2305 1943 2346 Rupe,
1955 2315 2036 2337 mon.
2050 2309 2180 2335 monast.
2196 2314 2222 2335 s.
2242 2303 2398 2336 Guillelmi

790 2360 826 2391 de
851 2360 992 2397 Deserhs,
1017 2360 1051 2390 0.
1074 2360 1109 2391 S.
1136 2360 1188 2396 B.,
1213 2359 1367 2390 Lodoven.
1391 2358 1447 2396 dat,
1467 2368 1510 2390 ex
1527 2368 1566 2390 eo
1582 2360 1673 2399 quod
1689 2359 1843 2399 priorat.,
1864 2358 2057 2390 administr.
2079 2360 2112 2389 et
2134 2359 2202 2393 off„
2223 2358 2265 2389 ad
2282 2357 2396 2391 collat.

789 2414 864 2445 abb.
882 2414 963 2445 dicti
979 2416 1123 2445 monast.
1144 2414 1280 2453 pertin„
1302 2413 1417 2453 vigore
1433 2413 1499 2444 litt.
1518 2413 1705 2444 Clementis
1722 2413 1821 2452 Papae
1834 2413 1863 2443 V
1876 2412 2042 2443 falsarum
2061 2411 2267 2449 obtinuerat,
2290 2415 2322 2443 et
2336 2420 2398 2452 per

789 2477 822 2498 ιν
838 2477 974 2499 menses
993 2469 1149 2499 tenuerat
1166 2467 1328 2498 falsitatis
1350 2475 1410 2506 per
1432 2475 1537 2497 unum
1558 2466 1705 2497 amicum
1722 2466 1818 2497 factae
1836 2466 1994 2506 ignarus..
2007 2465 2059 2503 (A.
2080 2467 2129 2500 13,
2148 2465 2170 2496 f.
2192 2465 2265 2502 180;
2287 2465 2324 2496 V.
2343 2466 2394 2504 70,

788 2530 840 2561 ep.
860 2522 947 2559 407.)

833 2571 968 2603 10298.
986 2591 1023 2596 -
1039 2574 1156 2605 loanni
1166 2573 1203 2604 de
1222 2573 1424 2608 Collauduno,
1438 2572 1510 2604 cler.
1528 2573 1652 2605 Remen.
1670 2572 1727 2609 di.⁷
1741 2571 1894 2612 dispens.
1910 2580 2012 2611 super
2025 2571 2278 2612 irregularitate
2293 2580 2397 2612 quam

787 2628 931 2659 incurrit
945 2636 987 2659 ex
1003 2636 1042 2659 eo
1061 2628 1163 2667 quod,
1181 2627 1216 2658 in
1232 2627 1304 2658 loco
1319 2627 1522 2666 joculatorio
1539 2635 1642 2666 prope
1656 2626 1748 2657 civit.
1763 2626 1979 2665 Andegaven.
1997 2625 2176 2665 sagittans,
2192 2634 2279 2665 mag.
2295 2626 2396 2657 Joan-

786 2690 864 2712 nem
882 2681 923 2712 de
939 2680 1124 2721 Moysiaco,
1143 2681 1236 2717 cler.,
1256 2681 1333 2711 inde
1348 2681 1481 2712 incaute
1497 2682 1744 2717 transeuntem,
1761 2679 1830 2710 ictu
1846 2678 1979 2719 sagittae
1994 2678 2030 2709 in
2047 2678 2158 2717 oculo,
2176 2687 2244 2710 non
2259 2687 2302 2710 ex
2318 2687 2394 2719 pro-

786 2735 909 2775 posito,
928 2735 1154 2774 percusserat.
1174 2734 1228 2774 (A.
1249 2736 1298 2771 13,
1323 2733 1345 2765 f.
1365 2735 1443 2770 235;
1465 2733 1501 2764 V.
1519 2734 1568 2771 70,
1587 2741 1638 2772 ep.
1656 2734 1742 2770 511.)

832 2785 967 2816 10299.
992 2804 1030 2809 -
1048 2787 1135 2828 Ερ.ο
1157 2786 1367 2827 Osnaburyen.
1383 2786 1495 2817 mand.
1514 2788 1550 2817 ut
1568 2786 1743 2825 dispenset
1760 2794 1863 2825 super
1884 2789 1935 2816 111⁰
1953 2785 2046 2816 affin.
2065 2785 2174 2825 gradu
2190 2785 2226 2816 in
2241 2785 2391 2817 matrim.

781 2842 852 2882 Jam
870 2851 888 2872 a
902 2851 937 2872 ιιι
955 2841 1054 2872 annis
1071 2842 1242 2872 contracto
1258 2841 1347 2871 inter
1366 2840 1576 2871 Bernardum
1592 2839 1632 2870 de
1650 2839 1826 2876 Bollande,
1846 2839 1956 2870 civem
1972 2839 2143 2875 Bremen.‚
2166 2841 2199 2870 et
2219 2838 2395 2870 Elisabeth

786 2896 892 2926 filiam
909 2894 1048 2926 Henrici
1064 2895 1105 2925 de
1121 2894 1326 2925 Hamborch.
1346 2894 1397 2932 (A.
1417 2895 1466 2930 13,
1483 2893 1505 2924 f.
1524 2894 1583 2924 344
1599 2892 1628 2929 ὓς
1653 2892 1687 2924 V.
1713 2894 1763 2929 70,
1780 2901 1832 2932 ep.
1852 2894 1937 2930 622.)

832 2946 966 2977 10300.
991 2965 1030 2971 —-
1048 2947 1219 2978 Diclzinaro
1235 2946 1272 2977 de
1291 2946 1476 2983 Her-nordio,
1494 2946 1565 2977 cler.
1585 2945 1798 2986 Padeburqen.
1819 2945 1876 2983 di„
1897 2946 2048 2985 dispens.
2067 2946 2116 2983 ut,
2133 2946 2314 2985 postquam
2333 2944 2394 2976 ali-

786 3011 887 3041 quam
902 3003 942 3033 de
958 3000 1184 3041 religionibus
1198 3000 1395 3040 approbatis
1410 3000 1585 3040 ingressus
1602 2999 1714 3037 fuerit,
1731 2999 1773 3030 ad
1788 3008 1906 3030 omnes
1915 2999 2051 3030 ordines
2066 2998 2259 3038 promoveri
2269 2998 2392 3036 valeat,

787 3064 853 3086 non
871 3055 957 3086 obst.
982 3055 1083 3095 quod,
1111 3064 1143 3085 ix
1161 3062 1267 3085 anuos
1285 3062 1399 3093 agens,
1423 3053 1582 3090 ludendo,
1610 3062 1715 3084 unum
1736 3053 1885 3092 lapidem
1910 3052 2100 3092 projecerit,
2121 3060 2188 3091 quo
2211 3051 2392 3091 quemdam
