2566 3562
255 409 360 437 Datum
389 404 574 438 Avenione.

253 617 291 644 {3
308 617 372 652 (id.)
393 625 461 652 auq.
480 617 569 646 1321.

334 661 365 688 Τ.
387 662 482 689 XXIV.

373 777 407 804 Ut
427 785 451 804 s.

335 822 367 848 T.
389 821 485 850 xxiv.

373 989 409 1017 Ut
428 998 453 1017 s.

258 1034 306 1062 Gr.
319 1042 371 1069 pro
388 1042 465 1069 pers.
479 1034 558 1062 eard.

296 1470 333 1497 14
347 1479 413 1505 augy.
432 1471 519 1499 1321.

288 1519 350 1551 (xxx
366 1517 425 1544 kal.
441 1518 530 1552 sept.)

347 1562 376 1588 T.
398 1562 468 1589 xvi.

369 1634 405 1662 Ut
421 1642 444 1661 s.

226 1677 273 1705 Gr.
288 1678 323 1705 de
339 1679 438 1706 mand.
454 1678 584 1707 vicecan-

345 1723 468 1751 cellarii.

365 2009 400 2037 Ut
416 2017 439 2037 s.

259 2053 290 2080 T.
308 2053 342 2080 XI
362 2056 402 2087 ¹l2,
422 2054 485 2082 XIII
502 2055 549 2090 ¹s2.

364 2276 399 2304 Ut
416 2285 440 2304 s.

310 2321 341 2348 Τ.
362 2321 406 2354 XI,
426 2321 499 2349 XIII.

232 2570 236 2573 .
288 2543 324 2570 15
341 2551 406 2578 (1119.
428 2543 514 2572 1321.

267 2587 357 2622 (xvni
371 2587 431 2616 kal.
447 2588 534 2624 sept.)

377 2632 424 2659 Gr.

231 2680 236 2684 ”
287 2702 325 2730 16
339 2711 404 2735 auu.
426 2704 514 2731 1321.

271 2749 348 2779 (xvii
368 2747 427 2775 kal.
446 2748 534 2783 sept.)

268 2790 298 2818 T.
315 2792 337 2819 x
355 2794 406 2828 ¹12,
423 2792 532 2826 1111111.

619 1517 621 1569 ζ
651 1523 776 1563 quibus
796 1524 955 1556 scribitur
972 1526 1009 1556 ut
1025 1524 1111 1555 illud
1129 1526 1267 1564 praefato
1283 1525 1326 1556 61.
1345 1524 1530 1564 assignent.
1551 1524 1603 1564 (A.
1623 1526 1670 1558 15,
1689 1525 1710 1554 f.
1731 1526 1786 1555 371
1799 1530 1830 1560 ³3

638 318 812 350 JOANNIS
835 319 954 350 PAPAE
976 320 1078 350 XXII.
1103 322 1352 359 (1316·1334).
1375 340 1413 344 —
1436 320 1623 351 LITTERAE
1646 320 1871 351 COMMUNES
2200 324 2259 354 339

622 521 625 547 ς
655 504 858 550 Placentia,
883 514 918 544 in
943 522 1015 544 can.
1034 514 1114 544 eccl.
1134 522 1162 545 s.
1185 514 1350 545 Antonini
1368 514 1570 549 placentin..
1587 514 1769 553 postquam
1786 513 1888 545 fuerit
1903 515 2112 546 tonsuratus.
2135 514 2187 555 (A.
2207 517 2257 552 15,

655 565 678 596 f.
692 566 749 597 461
770 565 801 601 b;
828 565 863 597 V.
885 567 933 601 72,
951 575 1004 606 ep.
1025 567 1128 604 1680.)

701 615 838 648 13991.
859 637 896 642 —-
914 618 1000 658 Ep.o
1020 618 1200 660 Majoricen.
1220 620 1334 651 mand.
1353 621 1390 650 ut
1405 619 1560 651 absolvat
1571 620 1711 651 Petrum
1724 619 1850 656 Salola,
1868 620 1975 651 civem
1989 620 2197 659 Majoricen„
2217 622 2258 653 ab

622 694 624 702 .
654 679 785 702 excom.
804 680 905 711 quam
922 672 964 702 ad
980 673 1093 711 partes
1109 672 1326 704 Alexandriae
1345 681 1399 704 res
1415 673 1539 703 vetitas
1562 672 1744 704 deferendo
1768 673 1922 704 incurrit.
1942 674 1995 714 (A.
2025 675 2074 712 15,
2102 675 2124 704 f.
2153 676 2211 706 345
2227 675 2256 712 b;

659 724 694 755 V.
712 726 751 755 72
780 733 797 755 6
825 747 833 756 .
857 727 946 757 1167.

699 733 832 806 13993.
850 796 888 801 -
903 725 989 818 Ep).o
1007 778 1152 819 Diqnen„
1171 783 1199 809 et
1218 788 1317 819 praep.
1335 788 1370 808 ac
1383 779 1518 808 sacristae·
1531 779 1721 810 Avenionen.
1739 779 1852 809 mand.
1873 780 1910 810 ut
1927 779 2101 811 conferant
2120 782 2254 820 paroch.

653 830 734 861 eccl.
751 831 792 862 de
810 831 954 866 Bivetio‚
974 831 1105 863 Uticen.
1129 832 1189 868 di.,
1215 840 1275 870 per
1297 831 1548 862 assecutionem
1573 839 1592 862 a
1615 831 1802 862 Bertrando
1820 831 1984 863 Almarici
2010 833 2198 865 faciendam
2215 836 2255 867 de

621 882 623 906 ἴ
653 883 733 914 6661.
750 892 777 914 s.
795 883 933 915 Martini
946 884 987 915 de
1002 884 1187 922 Mannatio,
1204 885 1303 915 dictoe
1319 884 1378 918 di.,
1396 884 1464 923 ipsi
1481 892 1540 922 per
1552 884 1618 915 ΡΡ.
1637 884 1757 915 collata
1770 884 1806 915 in
1821 884 1916 915 brevi
1933 886 2054 922 vacat„
2071 887 2255 919 ssertrando

651 935 807 967 Garnerii
824 937 864 968 de
883 945 910 967 s.
931 937 1089 974 Andiolo,
1105 937 1315 968 Avenionen.
1333 937 1379 968 di.
1398 937 1451 976 (A.
1471 938 1520 974 15,
1539 936 1563 966 f.
1580 936 1682 973 3451’3
1704 936 1740 967 V.
1761 938 1809 973 72,
1824 945 1876 976 ep.
1896 938 2000 976 1168.)

699 986 834 1018 13993.
865 1007 903 1012 -
927 990 1125 1021 Hortatoria
1138 989 1292 1021 Eduardo
1307 990 1371 1030 reyi
1386 989 1521 1030 Anqliae,
1538 991 1575 1021 ut
1591 990 1794 1021 divisionem
1813 990 1989 1030 cujusdam
2006 992 2109 1031 praeb.
2127 993 2258 1024 Lincol·

619 1064 621 1080 ῐ
651 1041 740 1073 6166.
757 1043 851 1080 6661.,
869 1051 943 1082 quae
960 1043 1061 1082 praeb.
1074 1043 1114 1074 de
1130 1043 1318 1083 Ayllesbur
1340 1044 1527 1083 vulgariter
1552 1043 1725 1074 dicebatur
1741 1043 1777 1074 16
1795 1043 1875 1074 eccl.
1900 1044 1940 1074 de
1965 1045 2161 1084 Ayllesbur,
2179 1056 2256 1078 cum

651 1095 780 1134 capella
795 1096 836 1127 de
851 1096 991 1128 Miltone
1008 1097 1202 1133 existentis,
1221 1106 1280 1137 per
1297 1097 1479 1128 Nicolaum
1501 1097 1567 1128 ΡΡ.
1584 1097 1631 1128 IV
1652 1105 1739 1128 anno
1760 1098 1839 1128 1290
1854 1097 1976 1128 factam
1992 1098 2028 1128 in
2045 1098 2130 1129 duas
2152 1100 2253 1138 praeb.

618 1157 620 1198 1*
651 1157 794 1188 quarum
813 1158 879 1180 una
895 1150 930 1180 in
943 1150 1033 1181 dicta
1050 1150 1232 1190 capella'de
1250 1151 1390 1182 Miltone
1405 1150 1556 1182 etaltera
1570 1150 1604 1180 in
1616 1150 1706 1181 dicta
1721 1150 1802 1181 eccl.
1814 1151 1854 1181 de
1871 1151 2057 1190 Ayllesbur
2070 1153 2255 1185 consistere

618 1202 620 1229 ἒ
651 1202 885 1241 (11606666161,
905 1206 938 1234 61
955 1203 1088 1235 duabus
1104 1213 1193 1243 pers.
1216 1204 1448 1241 conferuntur,
1463 1204 1649 1244 infringere
1669 1213 1734 1235 non
1749 1204 1890 1242 laboret,
1905 1213 1982 1235 cum
1998 1213 2058 1244 per
2074 1205 2184 1244 ipsius
2200 1215 2255 1246 ge·

618 1259 620 1299 ξ
650 1256 795 1287 61101616
815 1265 879 1287 606
896 1257 996 1288 fuerit
1010 1257 1207 1297 impugnata
1220 1259 1252 1288 et
1263 1257 1471 1289 Galhardum
1485 1266 1513 1288 s.
1529 1257 1642 1288 Luciae
1658 1257 1692 1287 in
1703 1257 1806 1288 Silice
1820 1257 1906 1288 diac.
1919 1258 2008 1290 card.
2022 1267 2089 1289 non
2101 1261 2255 1291 amoveat

618 1325 620 1330 .
651 1319 670 1340 a
698 1311 916 1349 possessione
945 1311 1092 1350 praefatae
1116 1310 1218 1350 praeb.
1244 1311 1285 1342 de
1310 1311 1450 1342 Miltone
1472 1311 1540 1350 ipsi
1560 1319 1705 1341 unacum
1731 1311 1910 1342 archidiac.
1932 1312 2097 1343 Exonien.
2114 1313 2148 1343 in
2166 1313 2256 1344 dicta

618 1363 621 1409 '5
652 1363 862 1394 Lincolnien.
879 1364 958 1395 6661.
975 1373 1035 1403 per
1052 1364 1262 1395 Clementem
1282 1364 1348 1395 ΡΡ.
1370 1365 1398 1395 V
1415 1364 1558 1395 collatae.
1577 1381 1616 1386 —
1635 1365 1659 1395 Ι.
1679 1373 1707 1395 6.
1729 1373 1773 1395 16.
1794 1364 1965 1403 archiepo
1983 1365 2199 1397 Cantuarien.
2218 1369 2256 1398 ut

619 1461 620 1472 ἵ
651 1418 762 1447 eumd.
781 1426 894 1457 regem
911 1418 951 1448 ad
967 1418 1144 1457 praemissa
1164 1418 1322 1449 inducere
1339 1418 1485 1449 studeat.
1503 1418 1555 1458 (A.
1573 1419 1620 1454 15,
1642 1417 1663 1447 f.
1681 1417 1778 1454 349b;
1803 1417 1835 1447 V.
1852 1419 1901 1454 72,
1920 1427 1971 1457 ep.
1990 1419 2096 1458 1195.)

697 1467 833 1500 13994.
852 1487 890 1492 -
917 1470 1046 1501 Matkaeo
1063 1470 1281 1502 elsam-emin.
1310 1471 1505 1511 assignatur
1526 1471 1668 1510 pallium
1692 1480 1751 1510 per
1770 1471 1910 1502 Valven.
1931 1473 1963 1502 et
1985 1472 2122 1503 Calven.
2146 1482 2252 1512 ep.os,

1861 1524 1891 1554 V.
1909 1526 1959 1561 72,
1978 1534 2030 1564 ep.
2049 1527 2154 1563 1331.)

697 1628 831 1660 13995.
853 1648 889 1653 -
905 1631 1026 1663 Collat.
1045 1632 1220 1671 cujusdam
1238 1631 1380 1671 hospitii
1397 1632 1455 1663 6111
1471 1632 1561 1662 infra
1575 1633 1670 1671 septa
1684 1633 1828 1662 monast.
1847 1641 1874 1662 6.
1890 1632 2064 1663 Saturnini
2079 1633 2252 1669 Tolosan.,

618 1680 620 1731 ff
650 1686 691 1716 ad
708 1686 748 1716 11.
770 1686 805 1716 Ε.
826 1685 920 1716 nullo
937 1686 1048 1716 medio
1075 1685 1212 1724 pertin,
1228 1685 1267 1717 O.
1286 1686 1320 1717 S.
1339 1686 1393 1720 A.,
1413 1694 1473 1724 per
1491 1685 1572 1716 obit.
1593 1685 1777 1717 Raiinundi
1791 1685 1970 1716 Guillelmi
1990 1686 2030 1716 (16
2049 1686 2251 1724 Marcafava,

618 1734 620 1750 ³
649 1739 774 1778 prioris
795 1739 967 1778 prioratus
994 1738 1035 1769 de
1051 1739 1190 1770 Martris
1211 1739 1252 1769 ad
1270 1739 1384 1778 ipsum
1408 1741 1553 1769 monast.
1577 1739 1713 1777 pertin„
1734 1740 1766 1769 et
1782 1738 1889 1778 ejusd.
1917 1740 2061 1770 monast.
2078 1748 2150 1770 can.
2168 1749 2250 1776 vac„

618 1779 619 1792 ¹
648 1792 766 1822 ,Ιοαηηὶ
794 1792 943 1827 Tencteris,
971 1792 1053 1823 dicti
1081 1794 1226 1823 monast.
1241 1801 1340 1828 can„
1360 1792 1489 1823 consid.
1508 1792 1600 1823 Petri
1617 1801 1645 1822 s.
1665 1792 1826 1831 Stephani
1844 1793 1878 1822 in
1898 1792 2117 1823 Coeliomonte
2138 1793 2251 1832 presb.

617 1834 619 1845 ⁴
649 1847 753 1883 cai-(L,
771 1846 804 1877 S.
822 1846 862 1877 R.
884 1846 921 1876 E.
941 1846 1223 1881 vicecancellarii,
1243 1846 1353 1885 ipsius
1367 1846 1623 1885 consanguinei.
1642 1863 1679 1868 —
1694 1846 1719 1876 Ι.
1737 1854 1766 1877 e.
1782 1855 1826 1876 61.
1845 1854 1920 1885 ep.o
1937 1847 2111 1883 Vasaten„
2129 1847 2162 1877 et
2177 1847 2252 1878 Rai-

616 1922 618 1926 .
648 1900 774 1930 mundo
802 1899 966 1930 Bernardi
989 1899 1029 1930 de
1056 1900 1098 1930 s!
1111 1899 1300 1936 Arthemia‚
1327 1908 1400 1930 can.
1418 1900 1553 1936 Riven.‚
1572 1908 1609 1930 ac
1629 1899 1767 1930 officiali
1783 1899 1943 1930 Tolosan.
1959 1899 2011 1938 (A.
2035 1901 2083 1936 15,
2102 1899 2125 1929 f.
2148 1902 2208 1931 319
2220 1899 2250 1936 ¹³;

661 1952 695 1983 V.
714 1955 764 1987 72,
782 1962 835 1983 61.
853 1954 942 1984 1337.

693 1962 828 2035 13996.
850 2024 886 2028 -
901 1953 1055 2036 Αἱίηενίεο
1071 2005 1108 2036 de
1128 2005 1282 2047 Creqollo,
1299 2014 1372 2037 can.
1389 2006 1469 2037 eccl.
1485 2005 1720 2040 Colimbrien.‚
1741 2005 1827 2036 conf.
1843 2006 2025 2037 decanatus
2045 2006 2152 2045 ejusd.
2169 2006 2250 2037 eccl.

646 2062 722 2100 post
739 2059 820 2091 obit.
839 2059 1018 2092 Guillelmi
1034 2059 1074 2090 de
1093 2059 1230 2090 6.]0110
1249 2060 1287 2090 E.
1308 2060 1349 2091 R.
1368 2059 1519 2091 servitiis
1537 2059 1742 2094 insistentis,
1762 2059 1897 2099 Hugoni
1916 2059 1956 2090 (16
1976 2068 2003 2090 s.
2022 2059 2127 2094 Jorio,
2141 2060 2251 2099 ejusd.

615 2096 617 2155 ζ
646 2113 727 2145 6661.
744 2113 970 2150 thesaurario,
996 2122 1015 2144 a
1037 2113 1105 2144 ΡΡ.
1125 2113 1282 2150 collatus,
1301 2113 1360 2153 qui
1383 2113 1521 2153 quidem
1539 2113 1639 2152 Hngo
1655 2114 1731 2143 ante
1747 2113 1858 2152 ipsius
1872 2113 2137 2152 acceptationem
2156 2113 2251 2145 obiit.

646 2185 684 2190 —
698 2167 724 2198 I.
748 2176 777 2197 e.
796 2175 840 2198 m.
861 2167 1005 2198 monast.
1025 2175 1054 2197 s.
1072 2166 1203 2204 Crucis,
1221 2175 1280 2206 per
1296 2166 1446 2206 priorem
1462 2166 1556 2197 soliti
1579 2165 1671 2206 gub.‚
1690 2167 1722 2197 et
1741 2166 1855 2197 saecul.
1875 2175 1901 2196 6.
1920 2166 2011 2197 Justi
2029 2166 2249 2197 Colimbrien.

614 2211 617 2247 '2
646 2220 831 2261 prioribus,
849 2229 887 2251 ac
901 2220 1038 2252 scolast.
1057 2220 1308 2260 Petragoricen.
1327 2220 1408 2251 eccl.
1427 2220 1480 2260 (A.
1494 2221 1543 2257 15,
1564 2220 1587 2250 f.
1603 2220 1665 2251 418
1682 2224 1710 2255 ·;
1736 2219 1772 2250 V.
1790 2221 1840 2257 72,
1858 2228 1911 2258 ep.
1930 2220 2034 2259 1460.)

692 2271 828 2303 13997.
849 2293 886 2297 -
911 2274 1030 2306 Gratia
1054 2282 1149 2313 exsp.
1175 2273 1287 2306 benef.
1303 2283 1331 2305 c.
1352 2283 1379 2305 6.
1407 2274 1460 2304 vel
1483 2282 1511 2304 s.
1530 2282 1558 2304 c.
1576 2273 1610 2304 in
1631 2273 1724 2304 civit.
1750 2273 1802 2303 vel
1820 2273 1866 2303 di.
1886 2273 2110 2309 Lincolnien.,
2128 2274 2250 2312 pertin.

645 2328 687 2359 ad
714 2328 826 2360 collat.
849 2328 928 2367 ep-i,
950 2328 1001 2365 (40
1019 2327 1146 2359 march.
1164 2327 1345 2367 sterling),
1361 2327 1479 2358 ,Ιοαηηί
1495 2326 1532 2357 de
1547 2326 1703 2357 Dimeton.
1721 2327 1843 2358 rectori
1860 2326 1996 2366 paroch.
2015 2326 2097 2358 eccl.
2114 2327 2153 2357 de
2170 2327 2253 2357 San-

645 2381 733 2420 dale,
750 2380 935 2412 Eboracen.
963 2380 1023 2418 di.,
1048 2389 1151 2420 quam
1174 2381 1299 2412 dimitt.
1317 2382 1452 2412 tenetur
1470 2380 1499 2411 si
1515 2380 1626 2411 benef.
1649 2381 1802 2411 curatum
1826 2380 2040 2419 assequatur.
2061 2397 2099 2403 —
2114 2380 2141 2410 I.
2158 2388 2187 2410 e.
2204 2388 2251 2411 m.

645 2434 832 2466 Bertrando
847 2434 887 2465 de
901 2443 930 2465 s.
946 2434 1104 2471 Genesio,
1119 2434 1364 2474 Engolismen.‚
1381 2436 1414 2465 et
1433 2434 1613 2465 Benedicto
1627 2434 1670 2464 de
1688 2434 1840 2470 Paston„
1855 2433 2034 2471 Exonien„
2050 2442 2088 2464 ac
2103 2433 2252 2464 Roberto

645 2488 686 2519 de
705 2487 908 2527 Dusbrigge,
926 2487 1135 2519 Londonien.
1152 2496 1225 2518 can.
1240 2487 1322 2518 eccl.
1340 2487 1392 2527 (A.
1412 2488 1460 2522 15,
1479 2487 1501 2518 f.
1520 2488 1619 2524 50523
1646 2486 1681 2518 V.
1700 2488 1750 2523 72,
1772 2495 1825 2526 ep.
1847 2487 1951 2524 1575.)

692 2538 826 2570 13998.
844 2558 884 2563 -
899 2540 1012 2572 Mand.
1030 2540 1071 2571 (16
1087 2540 1304 2572 immittendo
1319 2540 1354 2571 in
1371 2541 1628 2580 possessionem
1645 2539 1859 2578 prioratuum
1878 2540 1918 2570 de
1938 2539 2140 2570 Vernosolis
2156 2540 2188 2570 et
2210 2539 2250 2570 de

645 2595 679 2626 la
696 2595 813 2632 Cassa,
831 2595 870 2626 O.
887 2595 921 2626 S.
937 2594 987 2630 Β.,
1003 2593 1164 2625 Tolosan.
1181 2593 1241 2630 di.,
1260 2594 1407 2624 decanos
1423 2594 1455 2624 et
1471 2593 1619 2632 capitula
1636 2593 1671 2623 in
1687 2592 1884 2632 collegiatus
1903 2593 1982 2623 eccl.
1994 2593 2031 2623 B.
2044 2592 2089 2623 M.
2105 2592 2144 2622 de
2160 2591 2252 2623 Villa

645 2649 778 2680 Usestae
796 2649 827 2679 et
844 2657 871 2678 s.
890 2647 1028 2679 Martini
1043 2647 1084 2678 de
1100 2646 1356 2685 Vinhandrano‚
1375 2646 1536 2677 Vasaten.
1554 2647 1587 2677 et
1601 2645 1824 2685 Burdegalen.
1843 2645 1889 2676 di.
1905 2646 1958 2683 (A.
1977 2646 2026 2682 13,
2043 2645 2066 2676 f.
2086 2645 2170 2683 582.)

693 2699 828 2730 13999.
846 2718 885 2724 -
909 2700 1031 2732 Collat.
1059 2708 1176 2731 canon.
1206 2699 1270 2731 sub
1288 2708 1384 2739 exsp.
1404 2699 1507 2739 praeb.
1525 2699 1605 2730 eccl.
1622 2698 1810 2729 Placentia.
1828 2698 1943 2729 Jacobo
1956 2697 1993 2728 de
2008 2697 2198 2728 Guidonibus
2214 2697 2250 2727 de

644 2756 851 2792 Lavernasco,
869 2763 896 2786 s¹
925 2753 1066 2785 Joannis
1082 2753 1122 2784 de
1138 2753 1247 2784 Domo
1267 2753 1470 2788 Placentia,
1500 2754 1532 2783 et
1561 2761 1588 2783 6.
1607 2752 1750 2783 Joannis
1765 2752 1806 2782 de
1828 2751 1957 2788 Vitulo,
1976 2751 2164 2782 Placentin.
2189 2751 2249 2788 di.,

644 2809 724 2841 eccl.
743 2817 816 2840 can.
844 2807 1005 2847 praeben„
1028 2809 1060 2838 et
1075 2806 1186 2838 benef.
1209 2806 1250 2838 ad
1264 2806 1378 2838 collat.
1396 2806 1465 2846 ep.i
1483 2806 1671 2837 placentin.
1691 2804 1912 2844 exspectanti.
1932 2804 2119 2844 Postquam
2136 2806 2249 2835 autem

644 2871 764 2895 canon.
784 2864 816 2893 et
833 2861 936 2901 praeb.
956 2860 1037 2892 eccl.
1054 2859 1242 2891 Placentin.
1264 2859 1367 2890 fuerit
1387 2860 1577 2893 assecutus,
1596 2858 1668 2889 illis
1691 2859 1723 2889 et
1737 2866 1804 2889 uno
1829 2858 1896 2888 alio
1915 2858 2093 2889 dumtaxat
2109 2866 2152 2888 ex
2170 2866 2250 2897 prae-

644 2916 745 2948 dictis
763 2915 874 2946 benef.
906 2914 992 2952 suis,
1011 2922 1098 2954 quos
1116 2913 1268 2953 elegerit,
1291 2913 1337 2944 sit
1363 2914 1554 2948 contentus,
1573 2912 1641 2943 alia
1658 2920 1737 2943 vero
1763 2911 1923 2943 dimittat.
1951 2927 1989 2932 —-
2013 2911 2039 2942 I.
2058 2919 2087 2942 e.
2107 2919 2152 2942 m.
2171 2910 2247 2942 abb.

644 2971 789 3002 monast.
818 2977 846 3001 6.
871 2967 1026 3007 Sepulcri
1052 2966 1254 3004 Placentin.,
1280 2967 1313 2998 et
1338 2965 1464 2998 Jacobo
1489 2965 1530 2996 de
1556 2965 1694 3000 Mutina,
1719 2965 1949 3000 Cameracen„
1975 2972 2012 2995 ac
2035 2964 2183 3004 Rogerio
2208 2965 2249 2996 de

643 3023 754 3059 cacia,
772 3021 960 3053 Placentin.
977 3029 1050 3052 can.
1068 3020 1149 3052 eccl.
1165 3020 1218 3060 (A.
1237 3021 1287 3056 15,
1302 3019 1325 3050 f.
1342 3018 1441 3057 490b3
1466 3018 1501 3050 V.
1521 3020 1570 3055 72,
1585 3027 1638 3058 ep.
1657 3018 1762 3057 1695.)
