2626 3568
414 321 462 365 *42

451 426 553 453 Datum
573 420 757 454 Avenione.

497 528 534 555 16
547 528 606 555 dec.
625 528 712 554 1319.

484 575 560 608 (xvii
578 571 724 608 kukjau.)

531 617 562 644 T.
584 616 679 643 xxiv.

565 849 599 877 Ut
619 857 643 876 s.

560 1063 595 1090 Ut
608 1072 632 1090 s.

507 1108 537 1135 T.
551 1108 597 1141 XI,
614 1109 686 1136 XIII.

486 1331 523 1359 17
537 1332 595 1360 dec.
616 1333 703 1360 1319.

479 1378 542 1410 (xvi
557 1377 616 1404 kal.
634 1377 710 1413 jan.)

537 1422 568 1448 T.
590 1422 648 1449 XII.

555 1493 590 1521 {lt
611 1498 634 1521 S.

483 1707 520 1735 18
534 1708 592 1736 dec.
612 1709 701 1737 4319.

485 1756 536 1788 (xv
554 1753 613 1781 kal.
631 1753 706 1790 jan.)

552 1921 586 1948 Ui.
608 1930 631 1948 s.

550 2296 584 2324 Ut
605 2306 628 2323 s.

547 2404 583 2431 Ut
600 2412 623 2430 s.

529 2448 559 2475 T.
576 2449 635 2476 XII.

546 2511 582 2539 Ut
603 2520 626 2539 s.

545 2619 581 2647 Ut
602 2628 625 2647 s.

539 2833 573 2860 Ut
594 2842 618 2860 s.

541 2940 574 2967 Ut
590 2949 613 2967 s.

514 2983 544 3011 T.
562 2984 642 3013 XXX.

823 333 996 364 JOANNIS
1020 333 1139 364 PAPAE
1161 333 1263 365 XXII.
1287 334 1537 375 (1816-1884).
1560 353 1599 359 -
1621 335 1808 367 LITTERAE
1830 336 2056 369 COMMUNES

894 523 1029 555 10729.
1056 544 1094 549 —
1117 525 1286 557 Abbatissae
1303 531 1330 557 et
1356 536 1445 558 conv.
1469 532 1601 558 monast.
1623 527 1660 558 S.
1683 526 1727 558 M.
1755 527 1852 559 Vallis
1871 527 1990 569 qloriae,
2012 527 2088 562 ord.
2111 539 2138 561 e.
2163 529 2278 568 Clam,
2295 530 2454 562 discr-ictus

846 579 958 621 Spelli,
977 579 1138 620 spoletan.
1161 579 1219 615 di.,
1238 579 1341 611 facul.
1366 589 1402 612 se
1421 580 1652 612 transferendi
1675 581 1717 612 ad
1733 581 1900 622 quasdam
1919 582 2040 614 domos
2057 582 2157 623 juxta
2172 585 2323 616 castrum
2345 583 2453 625 Spelli

846 633 1029 665 aedificatas
1044 634 1077 664 et
1090 635 1235 664 monast.
1249 633 1284 664 in
1299 642 1366 674 quo
1384 636 1560 666 morantur
1573 633 1779 671 dimittendi,
1797 635 1936 675 propter
1949 635 2071 667 duram
2083 645 2241 677 guerram
2256 637 2346 670 inter
2357 637 2452 670 civit.

845 687 981 719 Perusii
996 689 1029 718 et
1043 689 1191 718 castrum
1210 687 1409 728 praedictum
1425 696 1468 719 ex
1479 696 1558 723 una,
1575 690 1608 720 et
1624 688 1717 720 civit.
1735 688 1864 721 Assisii
1877 688 2033 729 partibus
2049 698 2092 722 ex
2105 690 2212 723 altera
2228 691 2362 724 noviter
2376 699 2448 723 sus·

845 741 996 778 citatam,
1020 743 1053 773 et
1077 742 1216 781 propter
1234 741 1407 773 latronum
1426 743 1458 773 et
1485 743 1660 782 raptorum
1680 741 1850 773 incursus.
1877 741 1932 783 (A.
1959 744 2008 778 13,
2032 742 2055 774 f.
2079 743 2154 780 1243
2178 743 2213 775 V.
2231 745 2282 782 70,
2305 753 2357 786 ep.
2373 745 2449 782 237;

845 794 965 832 Eubel,
984 804 1034 835 op.
1050 795 1117 833 cit„
1134 796 1158 826 t.
1176 795 1218 831 V,
1233 803 1266 835 p.
1284 795 1353 830 178,
1371 804 1404 826 n.
1420 796 1507 835 383.)

891 846 1026 878 10730.
1043 866 1081 871 -
1096 848 1206 879 Miloni
1221 847 1258 878 de
1274 847 1451 889 Porpreriis
1466 848 1555 880 conf.
1568 848 1705 889 paroch.
1718 849 1799 880 eccl.
1817 849 1858 880 de
1873 849 2015 890 Riceyo,
2027 849 2213 891 Lingonen.
2231 850 2291 890 di.,
2306 859 2379 883 vac.
2391 859 2453 892 per

845 902 1007 942 resignat.
1036 901 1200 933 Ludovici
1221 902 1263 933 de
1289 902 1483 942 Porpreriis
1506 911 1549 934 ex
1570 911 1673 934 causa
1693 904 1875 942 permutat.
1901 902 2023 934 factam
2031 912 2041 941 ;
2060 912 2129 935 non
2154 903 2241 937 obst.
2263 904 2394 945 capella
2408 904 2452 937 de

843 956 991 996 Groleyo
1008 964 1036 986 s.
1055 965 1096 994 c.‚
1115 955 1284 987 Parisien.
1304 955 1351 986 di.
1373 974 1412 979 —
1433 956 1459 986 I.
1478 964 1506 987 e.
1526 964 1572 987 m.
1591 955 1668 987 abb.
1689 957 1837 988 monast.
1853 956 1895 987 de
1911 965 1940 987 s.
1957 956 2126 997 Sequano,
2150 958 2184 989 et
2198 957 2237 989 Β.
2253 957 2300 990 Μ.
2318 957 2360 990 de
2375 957 2453 991 Bel·

843 1009 963 1049 lojoco,
981 1009 1167 1049 Lingonen.
1185 1009 1218 1040 et
1232 1009 1453 1040 Matisconen.
1470 1009 1529 1045 di.,
1546 1018 1584 1041 ac
1601 1009 1802 1048 Lugdunen.
1820 1010 1959 1041 decanis
1976 1010 2057 1042 eccl.
2075 1010 2130 1050 (V.
2148 1012 2199 1049 70,
2219 1019 2274 1052 ep.
2289 1011 2374 1050 390.)

890 1060 1026 1092 10731.
1045 1081 1085 1085 —
1101 1061 1254 1093 Ludovico
1272 1062 1308 1092 de
1323 1061 1500 1103 Por-preriis
1515 1062 1580 1103 leg.
1601 1063 1790 1103 professori
1807 1063 1920 1095 collat.
1942 1072 2074 1102 canon,
2093 1063 2280 1097 scolastrioe
2294 1066 2327 1097 et
2343 1063 2449 1105 prob.

843 1116 909 1148 eid.
931 1125 1082 1154 annexae,
1109 1115 1191 1147 eccl.
1209 1116 1394 1152 Pictaven„
1413 1124 1486 1148 vac.
1505 1124 1566 1156 per
1589 1116 1751 1157 resignat.
1770 1116 1925 1156 praedicti
1950 1116 2091 1149 Milonis
2107 1119 2145 1149 ut
2167 1125 2196 1149 s.
2216 1117 2341 1150 factam
2351 1128 2363 1156 ς
2381 1125 2450 1150 non

843 1169 930 1201 obst.
949 1170 984 1201 in
1001 1170 1216 1209 Lugdunen„
1232 1169 1455 1201 Matisconen.
1473 1171 1506 1201 et
1523 1170 1561 1201 B.
1581 1170 1628 1201 M.
1648 1169 1688 1201 de
1706 1169 1889 1210 Bellojoco,
1907 1170 2131 1203 Matisconen.
2150 1170 2211 1206 di.,
2229 1171 2311 1203 eccl.
2329 1179 2452 1204 canon.

842 1225 875 1255 et
895 1223 1125 1263 portionibus.
1145 1239 1185 1245 —
1207 1223 1234 1254 Ι.
1260 1231 1290 1254 e.
1315 1231 1359 1254 m.
1381 1223 1582 1254 Monasterii
1603 1223 1682 1254 novi
1698 1223 1888 1261 Pictaven.,
1906 1224 1984 1255 ets.
2000 1224 2162 1264 Sequani,
2181 1224 2368 1266 Lingonen.
2386 1224 2448 1262 di.,

841 1278 986 1308 monast.
1003 1276 1093 1314 abb„
1110 1285 1148 1307 ac
1161 1276 1287 1307 decano
1301 1276 1383 1307 eccl.
1399 1276 1600 1317 Lugdunen.
1616 1276 1671 1316 (A.
1691 1278 1740 1313 13,
1762 1276 1785 1308 f.
1802 1278 1863 1307 222
1877 1282 1906 1314 ·;
1927 1276 1962 1308 V.
1980 1279 2030 1316 70,
2049 1286 2103 1318 ep.
2121 1278 2208 1318 404.)

887 1327 1020 1359 10732.
1040 1347 1078 1352 —
1094 1329 1182 1370 Epo
1202 1329 1356 1360 Biterren.
1379 1329 1491 1360 mand.
1509 1331 1546 1361 ut
1566 1329 1708 1370 recipiat
1719 1329 1952 1369 jurameutum
1966 1330 2144 1363 fidelitatis
2158 1331 2198 1363 Ε.
2217 1331 2260 1364 R.
2275 1339 2338 1371 per
2351 1331 2451 1364 Jaco-

838 1383 920 1415 bum
936 1383 1012 1415 abb.
1030 1384 1176 1415 monast.
1190 1383 1230 1414 de
1245 1382 1396 1423 Capella,
1412 1383 1713 1415 Praemonstraten.
1726 1383 1813 1421 ord„
1827 1383 1987 1415 Tolosan.
2000 1383 2060 1422 di.,
2071 1385 2316 1424 praestandum.
2326 1385 2380 1424 (Α.
2397 1386 2447 1424 13,

840 1437 863 1468 f.
884 1438 941 1469 186
958 1443 989 1474 ³3
1013 1436 1046 1468 V.
1066 1438 1116 1475 70,
1136 1446 1189 1477 ep.
1207 1437 1296 1476 475.)

886 1488 1018 1520 10733,
1037 1509 1075 1514 —-
1091 1489 1264 1531 Reyinaldo
1278 1490 1315 1521 de
1330 1490 1444 1531 Fieffes
1459 1490 1583 1522 rectori
1599 1490 1679 1522 eccl.
1696 1499 1724 1522 s.
1741 1490 1907 1530 Supplicii
1920 1490 1961 1522 de
1974 1491 2184 1530 Tofl'revilla,
2198 1491 2448 1533 Rothomageu.
2475 1491 2477 1493 ’

839 1545 899 1581 ᾶί.,
918 1544 1081 1585 indulget.
1106 1545 1144 1576 ut
1167 1553 1275 1584 usque
1295 1544 1337 1575 ad
1356 1543 1544 1582 biennium,
1566 1544 1698 1576 ratione
1718 1544 1816 1576 diotae
1838 1544 1919 1576 eccl.
1941 1544 1985 1576 ad
2003 1545 2232 1577 sacerdotium
2250 1545 2447 1586 promoveri

838 1608 905 1630 non
920 1600 1089 1636 teneatur,
1107 1600 1140 1630 et
1155 1598 1292 1629 interim
1308 1598 1422 1629 studio
1429 1597 1518 1638 juris
1533 1597 1646 1629 civilis
1662 1599 1695 1629 et
1710 1597 1886 1638 obsequiis
1899 1597 2052 1639 Philippi
2067 1599 2110 1631 R.
2124 1599 2164 1631 F.
2177 1600 2211 1631 et
2223 1599 2267 1631 N.
2284 1599 2446 1632 insistere

837 1653 959 1684 valeat.
980 1652 1031 1691 (V.
1051 1654 1101 1690 70,
1120 1661 1173 1692 ep.
1190 1651 1280 1689 691.)

885 1703 1017 1735 10734.
1035 1722 1074 1727 -
1090 1706 1208 1736 loanni
1223 1704 1443 1736 Mandavelani
1460 1705 1573 1736 collat.
1591 1713 1710 1736 canon.
1727 1705 1809 1737 eccl.
1827 1705 2047 1737 Catalaunen.
2062 1704 2127 1736 sub
2142 1714 2239 1746 exsp.
2255 1704 2358 1746 praeb.
2375 1713 2444 1738 non

837 1759 1071 1797 sacerdotalis,
1087 1768 1154 1791 non
1172 1758 1259 1790 obst.
1275 1767 1395 1790 canon.
1412 1767 1489 1790 cum
1503 1757 1607 1798 praeb.
1626 1758 1706 1790 eccl.
1721 1758 1974 1790 Claromonten.
1990 1776 2031 1782 —
2043 1758 2070 1790 Ι.
2089 1767 2119 1791 e.
2136 1767 2183 1790 m.
2201 1758 2278 1790 abb.
2296 1760 2446 1792 monast.

837 1823 865 1845 s.
881 1813 974 1845 Petri
992 1813 1223 1850 Catalaunen„
1238 1814 1271 1844 et
1291 1812 1440 1844 thesaur.
1457 1812 1605 1850 Tullen.,
1625 1821 1663 1843 ac
1679 1813 1767 1843 cant.
1784 1812 2036 1852 PetragorIcen.
2052 1812 2134 1844 eccl.
2151 1812 2205 1853 (A.
2222 1814 2272 1851 13,
2292 1812 2316 1845 f.
2334 1814 2394 1846 169
2406 1812 2422 1835 1‘
2432 1822 2444 1850 ;

842 1867 875 1899 V.
892 1869 942 1905 70,
963 1876 1015 1907 ep.
1034 1866 1118 1907 186.)

883 1918 1019 1950 10735.
1036 1939 1074 1943 -
1092 1921 1194 1953 UniV.
1211 1920 1362 1960 praelatis
1378 1921 1410 1951 et
1427 1928 1517 1960 pers,
1537 1919 1726 1951 ecclesiast.
1746 1920 1817 1951 tam
1834 1919 1949 1952 saecul.
1968 1928 2071 1959 quam
2086 1919 2302 1960 regularibus
2317 1928 2379 1960 per
2393 1928 2445 1952 re-

835 1984 937 2014 gnum
962 1975 1094 2014 Angliae
1111 1976 1144 2006 et
1163 1974 1335 2005 Hiberniae
1358 1982 1394 2004 ac
1413 1973 1535 2005 Valliae
1558 1974 1674 2013 partes
1692 1973 1899 2010 constitutIs,
1917 1973 2103 2013 prioribus,
2123 1972 2391 2013 praeceptoribus
2410 1974 2444 2006 et

835 2037 925 2068 pers.
944 2029 1023 2059 aliis
1041 2028 1232 2068 hospitalis
1243 2036 1270 2058 s.
1283 2027 1427 2058 Joannis
1441 2027 1710 2058 Jerosolimitan.
1731 2026 1911 2058 dumtaxat
1922 2026 2086 2066 exceptis,
2103 2026 2218 2058 mand.
2235 2027 2274 2058 ut
2285 2025 2442 2060 collecto-

834 2082 930 2113 ribus
952 2082 1085 2113 solvant
1102 2082 1270 2112 decimam
1295 2081 1449 2112 omnium
1471 2082 1697 2119 proventuum
1721 2079 2032 2111 ecclesiasticorum
2054 2080 2090 2111 in
2109 2088 2213 2120 regno
2233 2081 2266 2112 et
2283 2079 2441 2120 partibus

834 2136 1006 2176 praedictis
1024 2135 1296 2172 consistentium,
1319 2143 1422 2174 quam
1444 2134 1537 2173 Papa
1558 2133 1600 2165 ad
1623 2143 1632 2164 1
1654 2142 1781 2165 annum
1805 2133 1963 2165 Eduardo
1980 2133 2053 2174 regi
2072 2133 2204 2174 Angliae
2219 2133 2388 2166 concessit
2405 2133 2442 2166 iu

834 2190 1075 2221 relevationem
1095 2197 1323 2229 expensarum
1347 2197 1421 2228 quae
1444 2187 1512 2228 ipsi
1539 2187 1720 2219 imminent
1742 2196 1803 2227 pro
1826 2187 2024 2219 defensione
2042 2187 2151 2227 eJusd.
2175 2187 2282 2228 regni.
2313 2187 2365 2225 (Α.
2389 2188 2438 2224 13,

834 2244 856 2275 f·
874 2241 1292 2327 {fffighfossegaffuzssz-
1309 2300 1337 2326 et
1350 2294 1514 2325 Dublinen.
1532 2294 1688 2335 archiep.i
1701 2304 1738 2324 ac
1753 2304 1842 2335 ep.us
1856 2293 2044 2325 Londonien.
2064 2294 2270 2334 deputantur
2284 2293 2441 2327 collecto-

831 2360 887 2382 res
904 2350 1051 2389 praefatae
1067 2350 1215 2381 decimae.
1236 2349 1289 2390 (A.
1310 2351 1359 2384 13,
1378 2349 1400 2379 f.
1417 2350 1473 2385 36;
1495 2348 1532 2380 V.
1551 2349 1602 2386 70,
1619 2356 1672 2388 ep.
1689 2348 1748 2380 189
1762 2348 1818 2386 Β.)

878 2401 1013 2433 10737.
1030 2422 1059 2426 -
1085 2402 1215 2444 Paqano
1231 2413 1300 2443 ep.o
1318 2402 1390 2433 olim
1402 2402 1558 2440 Paduam,
1571 2402 1605 2432 in
1617 2401 1831 2442 patriarcham
1843 2401 2025 2443 Aquileqen.
2040 2400 2145 2438 electo,
2162 2409 2255 2433 conc.
2274 2400 2438 2441 palleum.

831 2458 885 2498 (A.
904 2460 953 2495 13,
970 2457 992 2488 f.
1009 2459 1063 2494 743
1086 2457 1122 2487 V.
1139 2458 1188 2494 70,
1208 2466 1260 2496 ep.
1280 2457 1336 2488 251
1357 2457 1412 2495 A.)

878 2508 1013 2539 10738.
1030 2527 1069 2532 -
1086 2510 1256 2550 Terqestin.
1274 2514 1302 2540 et
1318 2509 1521 2541 Concordien.
1538 2509 1775 2550 ep.ismittitur
1789 2508 1942 2549 palleum
1955 2507 2198 2549 assignandum
2212 2508 2278 2540 eid.
2295 2508 2454 2548 patriam·

830 2564 911 2602 chae,
929 2564 1026 2604 cujus
1046 2565 1126 2595 sunt
1140 2564 1356 2604 suffraganei.
1372 2563 1425 2604 (A.
1444 2565 1494 2601 13,
1509 2563 1532 2594 f.
1550 2565 1604 2600 74;
1627 2562 1665 2594 V.
1679 2563 1729 2600 70,
1749 2571 1801 2602 ep.
1813 2563 1872 2594 25¹
1890 2561 1943 2601 Β.)

877 2615 1011 2647 10739.
1031 2635 1070 2640 -
1086 2617 1292 2652 Βενιναηοῑιιε,
1310 2617 1349 2649 Ο.
1368 2618 1406 2648 F.
1427 2617 1479 2654 P.,
1501 2617 1539 2648 fit
1559 2616 1752 2656 archiep.us
1769 2615 1979 2647 Brundusin.
2003 2615 2036 2647 et
2058 2615 2216 2647 Horitan.
2236 2614 2317 2647 ecel.
2337 2623 2438 2647 cano·

828 2672 903 2703 nice
930 2671 1116 2708 unitarum,
1133 2679 1205 2701 vac.
1223 2679 1284 2710 per
1307 2670 1390 2701 obit.
1409 2679 1462 2710 ap.
1489 2670 1522 2701 S.
1546 2670 1587 2701 A.
1606 2668 1858 2701 Bartholomaei.
1879 2687 1918 2693 —
1935 2669 1962 2700 Ι.
1980 2677 2010 2700 e.
2029 2677 2075 2700 m.
2094 2668 2210 2708 capit.,
2225 2667 2389 2700 vassallis
2403 2669 2436 2701 et

829 2725 1053 2766 suffraganeis
1071 2724 1223 2756 earumd.
1241 2724 1335 2761 eccl„
1353 2723 1444 2755 clero
1460 2723 1492 2755 et
1510 2723 1648 2762 populis
1662 2723 1755 2754 civit.
1772 2723 1805 2754 et
1820 2722 1886 2760 di.;
1902 2721 2053 2754 Roberto
2068 2722 2140 2762 regi
2158 2721 2293 2754 Siciliae.
2312 2721 2366 2762 (Α.
2383 2722 2433 2760 13,

828 2779 851 2810 f.
872 2780 932 2810 312
949 2778 978 2815 b;
1000 2778 1037 2810 V.
1061 2778 1110 2813 70,
1128 2785 1179 2817 ep.
1201 2778 1286 2815 474.)

872 2829 1007 2862 10740.
1020 2850 1058 2855 -
1071 2830 1184 2862 Car-olo
1199 2830 1264 2871 reqi
1275 2830 1446 2871 Hanqariae
1457 2838 1549 2861 conc.
1563 2829 1666 2861 facul.
1678 2830 1715 2861 ut
1731 2829 1843 2869 ipsius
1856 2828 2032 2861 confessor
2044 2828 2182 2869 plenam
2194 2827 2435 2860 remissionem

826 2887 1042 2926 peccatorum
1053 2884 1160 2916 semel
1173 2884 1208 2915 in
1220 2883 1341 2915 mortis
1355 2883 1499 2915 articulo
1511 2883 1542 2915 ei
1555 2883 1738 2915 concedere
1750 2883 1872 2915 valeat.
1885 2882 1937 2922 (Α.
1948 2883 1997 2919 13,
2007 2881 2101 2925 12428
2110 2881 2124 2903 b
2132 2891 2142 2921 3
2162 2881 2193 2912 V.
2203 2883 2254 2920 70,
2264 2890 2316 2921 ep.
2329 2882 2433 2920 1001.)

872 2936 1005 2969 10741.
1021 2955 1059 2960 —-
1077 2938 1166 2979 Ep.o
1180 2937 1307 2978 Spiren.
1326 2937 1440 2968 mand.
1464 2938 1501 2968 ut
1520 2937 1696 2968 confirmet
1714 2936 1917 2968 electIonem
1933 2935 2089 2973 Joannis,
2104 2943 2196 2967 mon.
2215 2936 2248 2967 et
2263 2934 2434 2966 cellerarii

824 2994 969 3024 monast.
996 2992 1127 3027 Salsen,
1152 2991 1195 3022 ad
1216 2991 1258 3023 R.
1277 2991 1317 3022 E.
1337 2990 1432 3022 nullo
1447 2989 1560 3022 medio
1578 2990 1716 3030 pertin„
1740 2990 1779 3022 O.
1800 2990 1835 3022 S.
1854 2990 1905 3026 B.,
1928 2988 2106 3030 Argentin.
2124 2988 2185 3025 di.,
2202 2988 2238 3019 in
2254 2987 2330 3019 abb.
2351 2987 2434 3019 dicti

823 3048 969 3078 monast.
987 3055 1047 3086 per
1070 3045 1151 3077 obit.
1169 3044 1310 3076 alterius
1325 3044 1468 3076 Joannis
1486 3052 1556 3076 vac.
1577 3044 1630 3084 (A.
1650 3045 1701 3079 13,
1719 3043 1742 3074 f.
1763 3044 1823 3076 489
1839 3043 1868 3080 b,
1893 3042 1926 3075 V.
1942 3043 1992 3081 70,
2010 3050 2063 3082 ep.
2086 3042 2190 3081 1016.)
