2566 3562
338 335 396 367 260

373 425 475 452 Datum
490 415 670 452 Avenione.

397 525 436 553 23
452 527 533 551 mart.
555 521 630 550 1321

423 569 451 603 (x
467 567 526 595 kal.
544 566 622 601 apr.)

466 611 495 639 T.
514 610 569 638 XX.

480 1053 517 1080 Ut
536 1061 559 1080 s.

412 1099 458 1126 Gr.
476 1106 527 1133 pro
546 1096 635 1125 socio.

485 1534 522 1562 Ut
542 1542 565 1562 S.

400 1747 440 1775 211
455 1750 537 1775 mart.
559 1747 646 1775 1321.

415 1794 457 1820 (ιχ
475 1793 533 1820 kal.
553 1792 629 1828 apr.)

485 1961 519 1988 Ut
541 1969 564 1988 s.

415 2006 460 2032 Gr.
482 2014 533 2040 pro
552 2006 631 2033 card.

486 2174 519 2201 L't
541 2182 564 2201 s.

418 2218 463 2245 Gr.
482 2226 533 2253 pro
548 2219 624 2246 card.

485 2386 521 2413 Ut
542 2395 564 2413 s.

420 2431 463 2456 (ir.
484 2439 533 2465 pro
548 2431 625 2458 card.

487 2545 521 2572 Ut
543 2554 566 2573 s.

417 2590 462 2616 Gr.
482 2598 532 2624 pro
549 2590 627 2617 card.

487 2650 521 2677 Ut
543 2659 566 2677 s.

488 2756 519 2783 Ut
543 2765 565 2783 s.

488 2861 523 2888 Ut
544 2870 566 2889 s.

735 325 908 358 JOANNIS
931 324 1049 356 PAPAE
1070 323 1173 355 xxn.
1197 323 1445 365 (1816-1884).
1470 340 1508 347 —
1531 322 1718 354 LITTERAE
1740 322 1966 355 COMMUNES

808 514 944 548 13122.
962 534 999 540 -
1015 516 1127 548 Mand.
1152 514 1324 546 Bercrando
1342 525 1367 546 s.
1381 513 1523 546 Marcelli
1541 513 1646 555 presb.
1665 513 1764 552 eard„
1780 514 1820 546 A.
1837 513 1872 546 S.
1897 513 2020 554 legato,
2042 514 2080 545 ut
2103 521 2141 545 so
2155 511 2317 545 informet
2329 514 2363 545 et

762 571 887 603 referat
903 571 945 602 de
964 569 1061 602 totali
1078 569 1194 601 valore
1208 568 1375 601 bonorum
1390 576 1452 608 per
1466 567 1592 608 quond.
1608 566 1839 599 Rolandinum
1853 566 2048 599 Ficherium
2059 565 2222 598 maritum
2237 565 2362 606 quond.

762 624 887 662 Luciae‚
905 623 1035 656 sororis
1052 622 1229 656 cathalani
1247 621 1392 653 Cazonis
1408 621 1450 653 de
1462 621 1604 658 Solatio‚
1618 620 1704 652 civis
1719 621 1753 653 et
1768 619 2029 652 ambasciatoris
2039 619 2134 652 civit.
2151 616 2270 652 Asten.
2288 627 2367 660 sup-

762 677 934 718 plicantis,
952 685 990 708 ac
1017 676 1140 717 quond.
1157 676 1330 708 Fazonum
1361 675 1500 706 fratrem
1527 673 1608 706 dicti
1636 673 1821 706 Rolandini
1850 673 2048 706 relictorum
2078 681 2188 714 usque
2214 672 2256 704 ad
2274 680 2364 704 sum·

763 739 852 762 mam
882 731 997 763 60.000
1021 729 1095 761 flor.
1121 729 1207 767 auri,
1234 737 1308 770 quae
1324 728 1413 760 hona
1436 736 1496 768 per
1514 727 1706 759 usurariam
1732 726 1936 767 pravitatem
1965 725 2135 767 acquisita
2158 725 2317 758 dicuntur
2330 725 2367 757 in

762 783 938 816 extraneis
954 782 1109 823 partibus
1115 792 1124 819 ;
1148 782 1208 814 sed
1231 782 1312 813 dicti
1336 780 1487 813 defuncti
1505 782 1582 812 ante
1604 779 1735 812 obitum
1754 779 1795 812 de
1821 779 1994 820 praedictis
2013 778 2236 812 restituendis
2249 778 2367 810 usuris

763 837 796 868 in
810 836 971 869 manibus
986 837 1054 877 ep.i
1069 835 1187 868 Asten.
1205 835 1372 867 dederunt
1388 835 1543 867 idoneam
1557 834 1748 866 cautionem
1761 842 1770 870 ;
1787 834 1820 865 et
1836 841 1926 865 nunc
1937 832 2050 865 dictus
2064 832 2270 865 cathalanus
2282 831 2368 873 petit

763 891 915 931 dispens.
933 892 970 921 ut
986 899 1027 922 ex
1053 890 1104 921 eis
1119 889 1222 921 20000
1238 889 1311 920 flor.
1327 897 1388 929 pro
1403 888 1481 920 dote
1501 887 1678 920 Violandae
1701 888 1735 919 ct
1760 886 1939 925 Valentiae‚
1957 886 2111 919 eorumd.
2134 884 2319 919 Rolandini
2334 886 2368 917 et

763 944 879 976 Luciae
894 943 1044 981 filiabus,
1071 942 1277 983 assignanda
1293 941 1478 982 praelevare
1505 940 1629 979 valeat,
1654 940 1793 973 residua
1808 940 1999 980 quantitate
2014 939 2050 971 in
2072 939 2149 980 pios
2163 947 2249 971 usus
2269 938 2369 980 Juxta

764 997 1018 1037 beneplacitum
1033 997 1068 1029 S.
1086 997 1126 1028 A.
1144 995 1377 1036 expendenda.
1393 995 1448 1036 (A.
1466 996 1515 1032 14,
1531 994 1554 1025 f.
1572 995 1633 1027 299
1648 999 1684 1032 *ς
1705 994 1740 1026 V.
1758 996 1808 1032 71,
1823 1002 1877 1034 ep.
1895 994 1981 1033 474.)

811 1047 947 1080 13123.
968 1068 1006 1073 -
1022 1049 1182 1091 Stephano
1199 1049 1236 1080 de
1260 1048 1360 1087 Pilato,
1381 1058 1449 1079 can.
1473 1048 1642 1089 Anaqnin„
1657 1046 1883 1080 committitur
1899 1055 2003 1078 causa
2023 1047 2160 1079 vertens
2178 1046 2267 1078 inter
2277 1054 2366 1087 mag.

763 1103 929 1136 Jacobum
946 1103 1163 1143 Vallislargae
1187 1103 1228 1134 de
1253 1102 1436 1140 Guarcino‚
1452 1103 1618 1133 rectorem
1633 1100 1760 1133 ruralis
1774 1100 1855 1132 eccl.
1873 1109 1901 1131 s.
1917 1099 2078 1132 'rambari
2095 1099 2137 1132 de
2151 1099 2284 1136 Castro,
2302 1100 2368 1133 Ve-

765 1157 876 1188 rulan.
894 1156 954 1193 di.,
969 1156 1037 1188 PP.
1054 1156 1186 1196 scrtpt„
1205 1164 1248 1187 ex
1262 1163 1340 1193 una,
1365 1156 1398 1187 et
1422 1155 1644 1186 Franciscum
1669 1154 1710 1186 de
1734 1154 1877 1186 Paliano
1895 1161 1956 1194 pro
1978 1161 2051 1186 can.
2071 1153 2240 1194 Anagnin.
2256 1162 2294 1186 se
2310 1161 2370 1194 ge-

766 1211 909 1247 rentem,
927 1209 1084 1249 partibus
1110 1217 1152 1240 ex
1172 1208 1293 1244 altera,
1317 1208 1377 1248 qui
1394 1207 1507 1240 eumd.
1532 1207 1699 1239 Jacobum
1722 1208 1850 1239 temere
1875 1206 2094 1247 possessione
2117 1206 2266 1247 praefatae
2285 1207 2366 1240 eccl.

766 1263 916 1303 spoliare
933 1262 1163 1302 praesumpsit.
1180 1262 1234 1303 (A.
1250 1263 1301 1300 11,
1320 1261 1343 1293 f.
1359 1261 1466 1299 304-123
1488 1260 1522 1293 V.
1540 1262 1591 1299 71,
1608 1269 1661 1301 ep.
1680 1261 1766 1299 525.)

815 1313 951 1346 13124.
969 1334 1007 1339 -
1024 1315 1113 1356 Epa
1135 1315 1286 1346 Aversan.
1302 1315 1417 1347 mand.
1441 1315 1479 1346 ut
1501 1314 1644 1354 justitiae
1671 1314 1957 1355 complementum
1983 1313 2086 1346 faciat
2102 1313 2144 1346 de
2159 1314 2314 1347 conrado
2328 1315 2370 1347 de

770 1370 919 1402 Auximo
936 1370 970 1400 et
986 1368 1165 1400 Barthutio
1189 1368 1279 1400 dicto
1300 1368 1454 1404 Monaco,
1477 1367 1557 1399 cler.
1578 1368 1755 1406 Aversan.,
1784 1367 1843 1408 qui
1866 1367 1945 1399 fulti
1970 1367 2122 1407 potentia
2139 1367 2253 1400 laicali
2272 1367 2372 1400 Nico-

769 1423 862 1455 laum
878 1422 999 1463 Angeli
1018 1423 1058 1454 de
1073 1422 1243 1454 Guarcino
1262 1421 1462 1454 canonicatu
1477 1421 1558 1453 eccl.
1575 1421 1741 1453 Aversan.
1765 1421 1968 1461 spoliarunt.
1982 1421 2037 1462 (A.
2055 1422 2105 1459 15,
2122 1420 2145 1453 f.
2163 1422 2227 1453 70⁸
2238 1431 2249 1459 ς
2270 1420 2301 1452 V.
2318 1423 2370 1460 71,

767 1486 819 1517 ep.
835 1477 921 1515 518.)

814 1527 949 1559 13125.
971 1548 1005 1553 —-
1022 1530 1183 1569 Dispens.
1202 1537 1304 1570 super
1319 1533 1367 1560 1v⁰
1382 1528 1604 1569 consanguin.
1622 1528 1728 1569 gradu
1747 1528 1782 1559 in
1797 1528 1946 1560 matrim.
1967 1528 2193 1561 contrahendo
2213 1528 2302 1561 inter
2314 1528 2371 1560 Na·-

768 1584 886 1614 colaum
916 1583 1015 1625 filium
1035 1582 1149 1624 quond.
1167 1582 1294 1613 Mathiae
1324 1582 1361 1614 de
1376 1582 1491 1613 Mentio
1508 1586 1536 1612 et
1563 1581 1674 1613 Rosam
1700 1581 1799 1623 filiam
1816 1581 1915 1613 Marci
1941 1581 2066 1620 Lucam]
2085 1582 2176 1614 cives
2204 1582 2370 1624 Ragusin.

768 1638 820 1676 (A.
841 1639 890 1675 15,
907 1637 930 1668 f.
942 1639 979 1668 77
995 1642 1026 1672 ⁸3
1051 1636 1084 1667 V.
1101 1638 1151 1674 71,
1169 1645 1222 1676 ep.
1240 1637 1319 1673 5873
1337 1635 1494 1674 Theiner,
1521 1635 1626 1666 Vetera
1640 1635 1837 1666 Monumenta
1849 1634 2012 1666 slavorum
2029 1634 2287 1674 Meridionalium,
2301 1637 2326 1668 t.
2341 1636 2370 1675 1,

768 1700 800 1731 p.
819 1693 888 1727 151,
906 1691 978 1721 doc.
998 1689 1143 1727 CXCV.)
1850 1690 1852 1692 ’

816 1741 950 1773 13126.
969 1760 1008 1766 —
1027 1742 1177 1783 Pilosorti
1202 1753 1227 1773 s.
1243 1743 1416 1774 Anastasiae
1431 1742 1535 1784 presb.
1551 1741 1637 1773 card.
1663 1742 1828 1783 indulget.
1847 1743 1884 1774 ut
1905 1742 2017 1782 possit
2031 1742 2172 1774 visitare
2187 1751 2249 1783 per
2265 1742 2372 1774 alium

768 1797 843 1828 loca
858 1797 1090 1828 ecclesiastica
1105 1796 1328 1828 consistentia
1343 1796 1378 1827 in
1394 1795 1575 1827 archidiac.
1590 1796 1669 1827 eccl.
1686 1795 1909 1828 Salamantin.
1930 1804 2032 1836 quem
2049 1795 2190 1834 obtinet,
2206 1797 2240 1828 et
2253 1804 2372 1836 procu-

769 1851 918 1882 rationes
944 1850 1107 1889 recipere‚
1127 1858 1234 1889 usque
1251 1850 1293 1881 ad
1309 1849 1591 1890 quinquennium.
1612 1867 1649 1872 —
1665 1849 1692 1881 1.
1713 1858 1742 1881 e.
1761 1858 1805 1880 m.
1822 1849 1984 1882 Vasaten.
2003 1849 2036 1881 et
2051 1849 2221 1881 Civitaten
2243 1849 2371 1890 [ep.is‚]

768 1913 806 1935 ac
821 1905 947 1935 decano
963 1903 1044 1935 eccl.
1060 1904 1100 1934 de
1116 1903 1349 1944 Monteregali.
1365 1903 1418 1944 (V.
1440 1905 1489 1938 71,
1509 1912 1563 1943 ep.
1579 1902 1666 1943 531.)

815 1955 950 1986 13127.
969 1976 1007 1981 -
1028 1957 1154 1989 Indult.
1171 1956 1292 1987 Simoni
1305 1967 1329 1989 s.
1351 1957 1463 1987 Priscae
1468 1956 1571 1997 presb.
1585 1955 1670 1987 card.
1687 1958 1724 1988 ut
1740 1956 1856 1987 nullus
1870 1956 2045 1996 delegatus
2061 1957 2222 1988 executor
2234 1957 2267 1988 et
2281 1955 2371 1988 alius

764 2011 870 2051 judex
891 2019 909 2041 a
925 2010 958 2042 S.
978 2011 1018 2041 A.
1031 2011 1214 2049 deputatus
1229 2010 1263 2040 in
1279 2018 1369 2050 pers.
1388 2010 1461 2049 ejus
1476 2010 1714 2050 suspensionis
1730 2010 1783 2041 vel
1799 2018 1926 2041 excom.
1944 2009 2133 2041 sententias
2149 2009 2302 2050 proferre
2315 2010 2371 2042 vel

765 2064 1042 2103 jurisdictionem
1060 2064 1210 2103 aliquam
1233 2072 1392 2095 exercere
1409 2064 1521 2095 valeat
1537 2072 1579 2095 ex
1595 2071 1810 2103 quacumque
1827 2071 1941 2094 causa.
1961 2062 2016 2103 (A.
2029 2064 2079 2101 14,
2094 2062 2118 2094 f.
2135 2064 2195 2095 352
2209 2068 2243 2101 ¹3
2268 2063 2302 2095 V.
2317 2065 2369 2103 71,

768 2126 821 2158 ep.
836 2117 923 2157 543.)

815 2168 950 2200 13128.
964 2188 1002 2193 -—
1019 2170 1096 2201 Eid.
1117 2170 1281 2209 indulget.
1301 2171 1337 2201 ut
1355 2169 1436 2201 eccl.
1455 2171 1487 2200 et
1501 2169 1576 2201 loca
1591 2169 1779 2201 ecclesiast.
1798 2169 1832 2201 in
1848 2178 1911 2201 suo
1933 2169 2114 2201 archidiac.
2133 2170 2174 2201 de
2197 2169 2372 2210 Sigalonia

768 2225 802 2255 in
819 2224 899 2256 eccl.
919 2224 1139 2255 Aurelianen.
1166 2223 1388 2255 consistentia
1405 2232 1466 2263 per
1487 2223 1593 2254 alium
1610 2232 1718 2263 usque
1734 2223 1776 2254 ad
1793 2223 2065 2263 quinquennium
2089 2223 2230 2255 visitare
2247 2223 2370 2262 valeat,

768 2279 801 2309 et
816 2277 1073 2317 procurationes
1097 2277 1259 2317 recipere.
1274 2295 1312 2299 —
1327 2277 1354 2307 I.
1372 2285 1400 2308 e.
1419 2285 1463 2308 m.
1483 2276 1559 2308 abb.
1581 2278 1727 2307 monast.
1747 2285 1775 2308 s.
1794 2276 1928 2308 Evurtii
1944 2276 2178 2314 Aurelianen.‚
2197 2278 2230 2309 et
2244 2277 2370 2309 decano

768 2331 963 2367 Carnoten„
983 2340 1020 2361 ac
1033 2339 1122 2370 mag.
1140 2330 1291 2361 Arnaldo
1304 2330 1421 2370 Regis,
1441 2338 1514 2361 can.
1531 2329 1676 2361 Melden.
1695 2329 1776 2361 eccl.
1791 2330 1846 2370 (A.
1864 2332 1913 2366 14,
1933 2329 1956 2361 f.
1974 2331 2034 2362 352
2049 2335 2081 2368 ·;
2097 2329 2130 2361 V.
2149 2332 2200 2368 71,
2216 2325 2270 2370 ep.
2284 2331 2370 2370 514.)

814 2381 949 2413 13129.
970 2402 1009 2406 -
1032 2383 1110 2414 Eid.
1129 2384 1293 2423 indulget.
1313 2385 1350 2414 ut
1368 2383 1447 2415 cler.
1465 2383 1539 2423 ejus
1563 2383 1686 2421 samiL,
1703 2383 1882 2414 domestici
1900 2385 1933 2415 et
1948 2383 2101 2415 continui
2123 2383 2371 2415 commensales

768 2439 956 2477 praesentes
975 2438 1007 2468 et
1024 2437 1164 2477 posteri,
1184 2437 1347 2476 quamdiu
1365 2436 1541 2476 obsequiis
1555 2436 1628 2476 ejus
1646 2436 1847 2474 institerint,
1865 2436 1998 2468 fructus
2012 2436 2124 2469 benef.
2140 2445 2280 2468 suorum
2296 2436 2371 2468 abs-

767 2500 832 2531 que
849 2490 1034 2522 residentia
1049 2490 1222 2530 percipere
1242 2490 1387 2530 possint.
1406 2490 1458 2529 (A.
1475 2491 1524 2527 14,
1542 2490 1563 2520 f.
1583 2491 1643 2521 352
1658 2490 1689 2528 ¹³3
1711 2489 1744 2522 V.
1760 2491 1810 2527 71,
1825 2499 1878 2530 ep.
1897 2490 1984 2531 545.)

814 2541 950 2573 13130.
966 2561 1005 2567 —-
1020 2543 1137 2575 Facul.
1167 2543 1315 2575 testandi
1331 2543 1462 2584 Symom'
1486 2544 1534 2575 tit.
1561 2554 1585 2575 s.
1603 2543 1717 2574 Priscae
1737 2543 1840 2584 presb.
1867 2543 1952 2574 card.
1971 2544 2024 2584 (Α.
2050 2545 2098 2581 15,
2114 2543 2138 2575 f.
2153 2546 2190 2575 71
2209 2549 2241 2581 ¹¹;
2263 2543 2297 2575 V.
2320 2545 2370 2582 71,

769 2605 821 2636 ep.
843 2597 927 2636 554.)

818 2648 954 2680 13131.
971 2668 1010 2673 -
1029 2650 1156 2682 Indult.
1172 2649 1322 2690 eligendi
1340 2650 1570 2682 consessorem
1591 2651 1635 2682 ad
1649 2651 1836 2683 triennium
1857 2661 1891 2681 η.
1904 2661 1935 2682 υ.
1950 2650 2104 2682 Ademaro
2119 2651 2239 2682 domino
2259 2650 2296 2682 de
2309 2651 2368 2682 Ar·

769 2703 886 2740 clziaco,
905 2703 978 2734 mil.
999 2704 1210 2735 Xanctonen.
1229 2703 1290 2740 di.,
1309 2708 1336 2734 ec
1351 2703 1530 2744 Maryarieae
1545 2704 1655 2744 ipsius
1663 2704 1776 2735 uxori.
1791 2704 1844 2744 (A.
1858 2705 1907 2740 15,
1922 2704 1946 2735 f.
1960 2705 1998 2736 51
2010 2704 2042 2741 ¹¹3
2061 2704 2097 2736 V.
2112 2706 2226 2744 71,ep.
2239 2706 2300 2737 689
2314 2703 2372 2744 A.)
2393 2746 2398 2749 ι

816 2754 954 2791 13132,
975 2774 1014 2779 -
1042 2756 1118 2787 Eid.
1136 2756 1293 2787 Ademaro
1320 2756 1421 2788 facul.
1444 2756 1590 2788 habendi
1620 2757 1726 2789 altare
1754 2757 1926 2798 portatile.
1959 2757 2010 2798 (A.
2030 2759 2078 2795 15,
2104 2757 2128 2789 f.
2145 2759 2181 2789 51
2200 2757 2231 2795 b,-
2264 2757 2300 2789 V.
2319 2760 2370 2796 71,

769 2818 821 2849 ep.
839 2811 901 2842 689
913 2810 967 2848 Β.)

813 2862 824 2873 ’
847 2861 981 2893 13133.
1007 2881 1045 2886 -
1060 2863 1280 2895 Confirmatio
1297 2863 1527 2895 concessionis
1544 2864 1586 2895 ad
1599 2864 1704 2895 vitam
1720 2864 1842 2896 domus
1859 2864 1900 2895 de
1916 2864 2071 2904 Gurreyo
2087 2865 2123 2895 in
2139 2864 2297 2896 Montana
2310 2873 2371 2905 per

768 2915 823 2947 bo.
846 2925 910 2947 me.
930 2917 1116 2948 Henricum
1132 2916 1207 2948 abb.
1221 2918 1253 2948 et
1264 2925 1359 2949 conv.
1377 2919 1522 2948 monast.
1541 2917 1736 2949 Cluniacen.
1757 2918 1852 2949 factae
1870 2917 1986 2949 favore
1999 2917 2140 2958 liuponi-t
2154 2917 2223 2948 abb.
2241 2923 2368 2948 monast.

768 2979 792 2999 s.
813 2969 960 3009 Euqendi
973 2970 1095 3008 fieren„
1109 2970 1147 3003 O.
1166 2970 1199 3002 S.
1217 2971 1269 3008 B.,
1287 2971 1485 3011 Lugdunen.
1505 2970 1564 3008 di.,
1584 2972 1663 3002 tunc
1677 2970 1752 3002 abb.
1773 2972 1918 3002 monast.
1936 2979 1963 3002 s.
1979 2970 2140 3011 Sequani,
2159 2971 2268 3011 ejusd.
2283 2971 2369 3007 ord.‚

769 3022 831 3052 Lin
839 3031 958 3062 gonen.
986 3023 1031 3054 di.
1035 3047 1046 3063 ,
1072 3032 1139 3055 non
1156 3023 1243 3055 obst.
1262 3024 1476 3056 revocatione
1501 3033 1562 3064 per
1578 3024 1819 3064 Raymundum
1832 3024 1916 3056 dicti
1929 3019 2070 3056 Henrici
2088 3024 2124 3055 in
2141 3023 2276 3056 abbatia
2292 3024 2369 3056 Clu·
