2566 3562
237 413 342 440 Datum
363 407 546 441 Avenione.

221 834 288 870 401
305 833 461 868 non.)jun.
479 831 567 861 132¹.

359 1151 396 1180 Ut
415 1160 439 1180 s.

359 1311 396 1339 Ut.
411 1319 435 1338 s.

360 1950 394 1977 Ut
411 1958 435 1978 s.

244 2162 261 2190 5
277 2162 371 2199 (non.)
382 2162 450 2197 jun.
470 2162 557 2191 1321.

257 2208 304 2235 Gr.
322 2215 373 2242 pro
389 2207 542 2236 bullatore.

275 2458 280 2463 ,
361 2427 398 2456 Ut
415 2436 439 2456 s.

260 2473 306 2501 Gr.
323 2480 374 2508 pro
389 2472 540 2501 bullatore.

365 2586 402 2615 Ut
421 2595 445 2615 s.

297 2631 342 2659 Gr.
360 2639 411 2667 pro
429 2631 506 2659 card.

360 2853 396 2882 Ut
415 2862 439 2882 s.

361 3056 508 3085 JOANNJS
527 3057 612 3085 xxn.

603 322 776 353 JOANNIS
799 323 916 353 PAPAE
938 324 1040 354 XXII.
1064 327 1311 364 (1316·1334).
1335 345 1372 349 —-
1394 327 1579 357 LITTERAE
1602 327 1825 358 COMMUNES
2164 331 2219 361 301

634 512 797 544 vitatibus
819 513 898 543 anni
921 514 953 544 et
980 521 1096 544 earum
1119 514 1264 554 singulis
1290 516 1474 553 praesentes
1497 515 1680 553 extiterint,
1698 525 1755 547 cas
1779 518 1901 548 extunc
1917 517 1957 552 de
1980 526 2046 548 uno
2059 526 2102 549 ex
2123 518 2223 549 dictis

633 565 732 597 festis
748 565 783 596 in
799 565 894 596 aliud
917 565 1120 606 percipiunt,
1140 567 1243 598 etiam
1261 567 1291 598 si
1311 567 1419 598 dictos
1445 576 1518 598 can.
1538 569 1752 607 postmodum
1774 569 1815 599 ab
1835 578 1875 600 ea
1895 569 2013 602 abesse
2032 571 2221 611 contigerit,

633 618 814 658 assignari,
833 627 962 649 necnon
988 619 1118 650 fructus
1138 619 1240 659 praeb.
1261 628 1330 651 suae
1355 628 1462 660 usque
1489 621 1529 651 a]
1554 621 1736 652 triennium
1758 622 1884 661 integre
1907 623 2079 663 percipere
2099 624 2221 662 valeat,

633 671 814 703 dummodo
830 671 866 702 in
878 672 951 702 ead.
964 671 1044 703 eccl.
1058 671 1159 703 faciat
1172 681 1231 712 per
1247 672 1406 703 idoneum
1419 673 1597 710 vicarium,
1609 674 1644 704 ut
1659 674 1764 705 moris
1776 676 1838 712 est,
1851 675 2025 707 deserviri.
2041 692 2077 697 -
2089 677 2116 707 Ι.
2133 685 2162 708 0.
2178 685 2223 707 m.

633 733 736 765 praep.
753 733 781 755 s.
797 724 905 756 Salvii
921 724 1069 762 Albien.‚
1087 725 1120 756 et
1146 725 1319 756 Pictavino
1335 725 1375 756 de
1401 726 1650 765 Montesquivo,
1674 727 1844 764 Vasaten..
1866 737 1904 758 ac
1920 729 2022 760 Iterio
2044 730 2083 760 de
2099 729 2224 767 Brolio,

634 777 865 818 Engolismen.
882 786 954 809 can.
973 777 1054 809 eccl.
1070 777 1124 818 (A.
1137 779 1185 813 15,
1205 778 1228 808 f.
1246 779 1305 809 327
1322 777 1356 816 b;
1381 777 1414 809 V.
1426 780 1475 816 72,
1489 787 1541 818 ep.
1561 780 1663 817 1385.)

681 828 815 860 13572.
831 847 870 854 —
886 830 970 871 May.
987 830 1103 861 Joanm'
1124 830 1264 868 Abbatis,
1286 831 1327 862 D.
1344 831 1399 868 D.‚
1417 839 1489 861 can.
1513 830 1658 870 praeben.
1678 832 1758 862 eccl.
1783 832 1978 870 Lexoviem,
1998 834 2106 873 gratia
2131 843 2225 874 exsp.

636 884 741 924 dign„
759 885 960 924 personatus
978 883 1031 915 vel
1047 884 1102 915 off.
1121 893 1149 915 0.
1167 893 1195 916 0.
1210 883 1264 915 vel
1283 893 1310 914 s.
1327 893 1354 914 c.
1373 884 1408 914 in
1421 883 1494 914 ead.
1513 883 1607 922 0001.,
1624 884 1752 915 consid.
1766 885 1915 925 Philippi
1930 886 1971 918 R.
1986 887 2044 923 F„
2036 896 2043 902 ·
2061 895 2127 918 non
2141 887 2227 918 obst.

636 937 771 977 paroch.
790 937 930 969 0001.ᾱο
947 937 1159 974 Drocicuria,
1177 938 1209 968 et
1232 936 1376 968 decimis
1401 936 1710 976 quibusdamins1a
1726 939 1833 968 metas
1857 939 1991 977 paroch.
2010 940 2090 970 eccl.
2105 948 2132 971 s.
2152 940 2230 971 Dio-

638 991 730 1031 nysii
752 991 793 1022 de
809 991 924 1022 Monte
943 990 1093 1027 Lerenti,
1111 990 1294 1022 Lexovien.
1313 991 1346 1021 et
1360 990 1540 1021 Carnoten.
1559 990 1625 1020 di.-
1617 990 1798 1030 ,sequitur
1813 990 1962 1030 dispens.
1981 1000 2082 1031 super
2107 992 2228 1032 plural.

638 1043 748 1076 benef.
768 1061 807 1066 —
833 1044 860 1075 I.
880 1053 909 1075 e.
928 1053 974 1076 m.
996 1044 1036 1075 de
1053 1043 1304 1075 Beccohelluini
1321 1044 1354 1074 et
1373 1043 1414 1074 de
1443 1043 1624 1074 Cormeliis
1647 1045 1792 1074 monast.
1818 1043 1908 1080 abb..
1932 1044 2176 1085 Rothomagen.
2199 1047 2232 1076 et

639 1097 823 1129 Lexovien.
842 1097 901 1135 di.,
921 1106 959 1128 ac
974 1097 1111 1129 Thomae
1127 1097 1228 1134 Galli,
1247 1105 1320 1128 can.
1337 1096 1519 1128 Abrincen.
1535 1096 1615 1127 eccl.
1635 1097 1689 1136 (A.
1711 1098 1759 1133 15,
1778 1097 1800 1127 1.
1819 1098 1875 1127 168
1895 1096 1931 1134 b;
1956 1096 1989 1127 V.
2008 1099 2057 1135 72,
2078 1106 2130 1137 ep.
2147 1099 2232 1137 836.)

687 1148 821 1179 13573.
839 1169 877 1174 -
893 1149 970 1182 Eia.
989 1150 1152 1190 indulget.
1170 1151 1206 1181 ut
1228 1149 1408 1181 residendo
1432 1150 1466 1180 in
1489 1150 1570 1181 eccl.
1593 1150 1775 1181 Lexovien.
1803 1158 1871 1181 non
1892 1151 2046 1182 teneatur
2064 1159 2171 1191 usque
2193 1151 2235 1182 ad

640 1204 826 1235 triennium
846 1204 881 1234 in
905 1203 1040 1244 paroch.
1061 1203 1143 1235 eccl.
1165 1203 1361 1242 supradicta
1382 1203 1608 1242 personaliter
1625 1203 1786 1234 residere.
1805 1220 1844 1226 —
1858 1203 1886 1235 I.
1907 1212 1937 1235 e.
1956 1212 2001 1235 m.
2027 1203 2103 1235 abb.
2122 1213 2235 1244 supra-

642 1257 754 1294 dictis,
773 1266 811 1288 ac
827 1257 952 1288 decano
970 1257 1052 1288 0001.
1068 1256 1251 1288 Lexovien.
1269 1256 1320 1295 (A.
1339 1257 1388 1292 15,
1405 1256 1427 1286 1.
1446 1257 1504 1288 169
1521 1261 1551 1294 ³3
1575 1256 1611 1287 V.
1625 1257 1675 1293 72,
1690 1265 1742 1296 ep.
1756 1256 1841 1296 837.)

688 1307 822 1339 13574.
841 1327 880 1333 —-
893 1310 1059 1350 Arclzz'ep.o
1082 1309 1205 1350 Βορέω,
1228 1314 1257 1340 et
1272 1309 1447 1340 Marluran.
1463 1319 1499 1339 ac
1515 1309 1681 1340 Cotronen.
1701 1309 1780 1350 ep.is
1796 1309 1910 1341 mand.
1929 1311 1965 1341 ut
1984 1310 2189 1350 reintegrent
2203 1312 2236 1342 et

642 1364 822 1395 restituant
837 1364 1009 1395 Venutum
1020 1372 1134 1403 ep.um
1151 1363 1308 1395 Catacen.
1324 1362 1366 1394 ad
1377 1363 1610 1402 episcopatum
1626 1371 1738 1400 suum,
1759 1371 1824 1402 quo
1840 1362 2007 1402 spoliatus
2024 1363 2133 1395 fuerat
2151 1372 2235 1404 prae-

642 1418 737 1449 textu
749 1416 927 1457 cujusdam
942 1417 1120 1448 electionis
1135 1425 1195 1456 per
1213 1416 1314 1456 capit.
1336 1411 1492 1447 Catacen'.
1509 1415 1604 1447 factae
1620 1425 1680 1456 per
1698 1418 1825 1448 metum
1845 1425 1876 1447 n.
1895 1425 1926 1448 v.
1942 1417 2084 1448 Joannis
2100 1417 2235 1448 comitis

642 1470 844 1508 Catansarfi,
863 1470 944 1501 dum
962 1470 1035 1510 ipse
1051 1478 1149 1509 ep.us
1164 1470 1206 1500 ad
1224 1469 1388 1509 exequias
1409 1468 1463 1500 bo.
1482 1478 1548 1500 me.
1569 1469 1637 1509 ep.i
1651 1470 1870 1501 Neocastren.
1887 1470 2103 1505 accessissem
2122 1471 2234 1501 mand.

642 1523 744 1555 etiam
759 1523 810 1555 eis
833 1525 870 1555 ut
892 1523 995 1554 citent
1020 1522 1207 1555 Robertum
1226 1523 1267 1554 de
1293 1522 1456 1557 oliverio,
1483 1522 1624 1559 archid„
1647 1523 1813 1554 Joannem
1829 1523 1869 1554 de
1891 1523 2044 1560 Asserio‚
2067 1523 2235 1563 Angelum

640 1577 805 1614 Pulitum,
827 1577 979 1608 Raonem
1004 1577 1044 1608 de
1063 1577 1198 1613 Astare,
1221 1576 1400 1608 Nicolaum
1426 1575 1671 1613 Maccaronum,
1695 1577 1860 1607 Joannem
1878 1576 1918 1607 de
1942 1576 2046 1607 Cruce
2064 1578 2096 1608 et
2114 1577 2233 1616 quosd.

642 1629 728 1661 alios
747 1639 818 1661 can.
836 1630 943 1670 ejusd.
961 1629 1055 1667 0001.,
1073 1629 1131 1669 qui
1149 1629 1324 1661 Galterum
1341 1628 1451 1668 ipsius
1467 1629 1547 1660 eccl.
1565 1629 1728 1659 decanum
1747 1629 1780 1659 in
1799 1638 1913 1668 ep.um
1927 1628 2111 1669 elegerunt,
2128 1630 2164 1660 ut
2186 1629 2235 1660 in—

643 1682 693 1714 fra
709 1693 745 1714 111
762 1691 898 1714 menses
909 1684 1017 1722 apost.
1035 1682 1232 1721 conspectui
1248 1691 1284 1713 se
1300 1683 1515 1722 praesentent,
1527 1682 1568 1712 de
1584 1682 1657 1713 ead.
1677 1682 1840 1713 electione
1857 1683 2065 1722 responsuri.
2085 1683 2234 1722 Sequun-

642 1737 697 1767 tur
711 1736 904 1767 hortatoriae
922 1745 952 1767 n.
972 1745 1005 1770 ‚v.
1020 1735 1140 1768 Carolo
1157 1735 1384 1775 primogenito
1401 1734 1543 1767 Roberti
1557 1735 1647 1775 regis
1663 1735 1799 1772 Siciliae,
1816 1735 1892 1766 duci
1904 1735 2079 1770 Calabriae,
2095 1735 2235 1775 ejusque

642 1789 678 1820 in
696 1789 786 1820 dicto
815 1798 917 1830 regno
944 1789 1070 1820 vicario
1093 1788 1256 1829 generali,
1283 1790 1316 1820 et
1331 1797 1365 1819 n.
1381 1797 1413 1819 v.
1442 1788 1616 1827 capitaneo
1634 1788 1784 1828 generali
1809 1788 1974 1819 Calabriae
1989 1788 2123 1819 directae
2145 1790 2181 1820 ut
2194 1788 2235 1819 ad

644 1842 918 1882 reintegrandum
951 1842 1130 1882 praefatum
1159 1850 1273 1881 ep.um
1291 1841 1459 1872 auxilium
1489 1841 1660 1881 praebeant
1688 1842 1721 1872 et
1751 1840 1913 1872 favorem.
1939 1841 1990 1879 (A.
2019 1843 2067 1879 15,
2087 1841 2111 1872 1.
2129 1842 2235 1879 17025

648 1895 684 1927 V.
697 1897 746 1931 72,
761 1904 813 1935 ep.
827 1896 906 1932 8435
924 1894 1046 1933 Eubel,
1059 1894 1235 1925 Bullarium
1253 1894 1508 1930 Franciscanum,
1524 1895 1548 1925 t.
1566 1895 1607 1932 V,
1622 1903 1654 1933 p.
1671 1895 1741 1932 207,
1759 1903 1791 1924 n.
1808 1895 1893 1933 435.)
2139 1889 2143 1892 ³

690 1945 824 1978 13575.
844 1948 1014 1980 —Collat.
1032 1956 1149 1979 canon.
1165 1947 1228 1979 sub
1242 1947 1451 1987 exsp.praeb.
1467 1947 1736 1987 eccl.s.Cyrenei
1749 1947 1789 1978 de
1805 1947 2233 1985 Billiomo‚Claromonten.

643 2002 703 2038 di.,
728 2002 821 2032 Petro
843 2001 1024 2042 Raymunde‘
1035 2000 1072 2032 de
1092 2000 1279 2032 Chameleto.
1298 2018 1335 2023 —
1352 2001 1378 2031 I.
1394 2009 1424 2032 e.
1449 2009 1494 2031 m.
1510 2001 1680 2040 archiep.o
1702 2000 1912 2040 Lugdunen„
1934 2001 1966 2031 et
1991 1999 2066 2031 abb.
2090 2002 2236 2032 monast.

644 2064 670 2086 s.
691 2055 844 2095 Eugendi
866 2055 996 2092 Juren.,
1022 2054 1220 2094 Lugdunen.
1249 2054 1308 2090 di.,
1333 2062 1370 2085 ac
1394 2053 1519 2085 archid.
1538 2053 1704 2085 Conchen.
1725 2053 1760 2084 in
1780 2053 1859 2084 0001.
1887 2053 2075 2087 Ruthenen.
2106 2053 2160 2094 (A.
2187 2055 2235 2092 15,

643 2108 667 2140 f.
687 2110 744 2140 176
763 2113 794 2145 ¹⁸3
815 2108 852 2140 V.
868 2109 917 2146 72,
935 2116 988 2148 ep.
1005 2108 1091 2146 907.)

689 2158 824 2190 13576.
841 2179 879 2183 -
895 2161 1020 2192 Indult.
1037 2160 1247 2201 percipiendi
1263 2160 1392 2191 fructus
1406 2159 1517 2191 benef.
1530 2168 1670 2191 suorum
1686 2160 1727 2190 ad
1744 2159 1929 2190 triennium
1944 2158 2070 2199 absque
2089 2159 2239 2191 residen-

644 2215 704 2251 tia,
723 2223 826 2246 causa
840 2214 946 2246 studii
969 2214 1024 2246 vel
1048 2214 1228 2246 residendo
1244 2213 1279 2244 in
1298 2214 1453 2245 Romana
1468 2213 1572 2251 curia,
1595 2212 1708 2243 Pontio
1724 2212 1898 2249 Beruenlzae,
1915 2221 1986 2243 can.
2012 2212 2092 2244 eccl.
2111 2212 2151 2244 de
2178 2214 2240 2243 Ar·

643 2268 756 2305 thona,
775 2268 1025 2300 Claromonten.
1048 2267 1094 2299 di.
1113 2284 1151 2290 —
1165 2267 1192 2298 I.
1217 2276 1246 2299 e.
1269 2275 1313 2298 m.
1336 2267 1460 2298 ,Ioanni
1483 2267 1523 2298 de
1541 2267 1622 2305 Ros,
1642 2266 1876 2303 Hereforden„
1901 2265 1968 2296 PF.
1992 2274 2052 2305 cap
2067 2289 2076 2303 ‚
2098 2266 2129 2297 et
2145 2265 2239 2297 Guil-

644 2321 747 2353 lelmo
776 2321 816 2353 de
840 2321 933 2359 Orto,
958 2321 1221 2358 Claromonten.,
1244 2330 1282 2352 ac
1309 2321 1409 2352 Petro
1428 2321 1468 2351 de
1485 2319 1669 2356 Viridario,
1693 2319 1884 2350 Narbonen.
1913 2327 1986 2349 can.
2015 2318 2094 2350 eccl.
2121 2318 2173 2358 (A.
2188 2319 2237 2354 14,

645 2374 668 2406 1.
687 2376 747 2406 379
761 2374 792 2411 ¹³3
816 2374 852 2406 V.
871 2376 922 2411 72.
939 2383 992 2414 ep.
1013 2376 1071 2406 776
1089 2374 1144 2414 Α.)

690 2425 825 2457 13577.
843 2445 881 2450 —-
899 2426 1061 2459 Guillelmo
1080 2426 1252 2465 Beruenhae,
1268 2436 1341 2458 can.
1357 2426 1437 2458 eccl.
1451 2426 1490 2457 (Ιο
1509 2425 1710 2461 camaleria,
1724 2424 1974 2455 claromonten.
1990 2423 2048 2460 di.,
2065 2423 2111 2454 id.
2129 2422 2238 2453 indul-

645 2483 711 2522 get.
727 2499 765 2504 —
781 2481 808 2512 Ι.
825 2490 854 2513 0.
872 2489 918 2512 m.
932 2479 1008 2512 abb.
1027 2481 1139 2512 saecul.
1157 2480 1238 2512 eccl.
1256 2489 1284 2511 s.
1309 2479 1446 2511 Genesii
1465 2479 1727 2512 Claromonten.,
1744 2478 1776 2508 et
1795 2476 1978 2509 Guillelmo
1995 2477 2027 2507 et
2044 2475 2166 2507 Joanni
2183 2483 2237 2506 su-

645 2534 820 2574 pradictis.
840 2534 892 2572 (A.
915 2535 964 2572 14,
983 2534 1006 2565 f.
1023 2535 1082 2566 380
1098 2539 1132 2571 ⁸3
1155 2533 1191 2565 V.
1213 2535 1263 2571 72,
1284 2542 1336 2573 ep.
1355 2535 1413 2564 776
1429 2532 1481 2571 Β.)

691 2584 826 2617 13578.
843 2604 883 2610 —
909 2587 1112 2619 Decernitur
1134 2587 1222 2627 quod
1247 2586 1358 2617 collat.
1376 2584 1510 2625 paroch.
1537 2584 1616 2615 eccl.
1645 2592 1674 2614 s.
1690 2582 1815 2615 Macuti
1839 2581 2095 2622 Rothomagen.‚
2109 2581 2237 2612 dudum

645 2649 705 2681 per
719 2641 847 2681 Papam
873 2640 960 2672 facta
976 2640 1091 2672 favore
1109 2638 1231 2670 Nic-olai
1243 2650 1268 2670 s.
1286 2638 1416 2669 Eusebe'i
1428 2637 1530 2678 presb.
1548 2636 1645 2671 card„
1661 2644 1761 2667 suum
1783 2635 1902 2667 debeat
1925 2634 2078 2666 effectum
2105 2633 2234 2671 sortiri,

646 2703 713 2726 non
730 2693 818 2726 obst.
834 2702 948 2726 errore
964 2693 1000 2725 in
1021 2702 1061 2726 ea
1077 2693 1232 2733 apposito
1256 2693 1346 2732 quod
1372 2692 1462 2722 dicta
1477 2690 1557 2722 eccl.
1581 2688 1799 2729 dispositioni
1817 2689 1849 2720 S.
1868 2689 1910 2719 A.
1926 2689 2098 2719 reservata
2115 2687 2237 2718 fuisset

646 2748 723 2787 post
737 2747 819 2779 obit.
835 2755 922 2787 mag.
938 2747 1081 2779 Joannis
1102 2746 1143 2777 de
1169 2745 1371 2782 Villaribus‚
1389 2744 1496 2784 eJusd.
1512 2743 1592 2774 eccl.
1609 2741 1761 2776 rectoris,
1781 2750 1858 2772 cum
1873 2741 1963 2772 dicta
1976 2739 2162 2771 reservatio
2175 2747 2235 2779 per

645 2800 763 2841 plures
776 2809 911 2832 menses
930 2801 1007 2831 ante
1025 2799 1136 2840 ipsius
1151 2798 1232 2831 obit.
1251 2798 1338 2829 facta
1355 2797 1487 2828 fuisset.
1507 2796 1557 2834 (A.
1577 2796 1625 2831 15,
1645 2795 1668 2825 1.
1688 2795 1744 2826 108
1757 2793 1793 2831 1’3
1815 2793 1848 2825 V.
1866 2794 1916 2830 72,
1932 2801 1985 2833 ep.
2003 2794 2088 2831 806.)

691 2851 826 2882 13579.
842 2869 880 2875 -
894 2852 1021 2884 Indult.
1047 2851 1256 2892 percipiendi
1274 2851 1404 2881 fructus
1422 2849 1532 2880 benef.
1553 2847 1680 2887 absque
1696 2846 1879 2878 residentia
1894 2846 1936 2877 ad
1946 2845 2130 2877 triennium
2152 2844 2236 2876 Guil-

647 2905 736 2937 lelmo
751 2906 788 2938 de
802 2905 985 2938 Cavanlzaco
1001 2915 1068 2937 can.
1087 2904 1226 2936 Anicien.
1242 2921 1282 2926 —
1300 2903 1327 2934 1.
1341 2912 1370 2934 e.
1389 2911 1435 2933 m.
1451 2910 1527 2941 ep.0
1543 2902 1715 2937 Vasaten„
1731 2900 1763 2930 et
1778 2898 1853 2930 abb.
1869 2899 2013 2930 monast.
2032 2898 2072 2929 de
2087 2898 2237 2938 Figiaco‚

647 2959 823 2991 Caturcen.
839 2960 899 2996 di.,
912 2967 950 2990 ac
962 2957 1144 2990 Ademario
1162 2956 1314 2994 Roberti‚
1333 2964 1404 2987 can.
1420 2953 1651 2986 Constantien.
1670 2953 1722 2992 (A.
1737 2953 1786 2989 15,
1803 2951 1827 2983 f.
1841 2953 1898 2983 166
1912 2956 1942 2988 ⁸3
1967 2951 2002 2982 V.
2020 2952 2070 2988 72,
2087 2959 2139 2991 ep.
2152 2951 2237 2990 817.)

631 3073 666 3078 -
685 3057 716 3084 Τ.
735 3056 782 3083 lll.
2064 3045 2098 3073 39
