<?xml version="1.0" encoding="UTF-8"?>
<!DOCTYPE html PUBLIC "-//W3C//DTD XHTML 1.0 Transitional//EN"
    "http://www.w3.org/TR/xhtml1/DTD/xhtml1-transitional.dtd">
<html xmlns="http://www.w3.org/1999/xhtml" xml:lang="en" lang="en">
 <head>
  <title>
</title>
<meta http-equiv="Content-Type" content="text/html;charset=utf-8" />
  <meta name='ocr-system' content='tesseract 3.04.00' />
  <meta name='ocr-capabilities' content='ocr_page ocr_carea ocr_par ocr_line ocrx_word'/>
</head>
<body>
  <div class='ocr_page' id='page_1' title='image "./lettrescommunes03romeuoft_0361.png"; bbox 0 0 2566 3562; ppageno 0'>
   <div class='ocr_carea' id='block_1_1' title="bbox 0 0 204 3234">
    <p class='ocr_par' dir='ltr' id='par_1_1' title="bbox 0 0 204 3234">
     <span class='ocr_line' id='line_1_1' title="bbox 0 0 204 3234; baseline 0 0"><span class='ocrx_word' id='word_1_1' title='bbox 0 0 204 3234; x_wconf 95' lang='lat' dir='ltr'><strong> </strong></span> 
     </span>
    </p>
   </div>
   <div class='ocr_carea' id='block_1_2' title="bbox 251 415 560 450">
    <p class='ocr_par' dir='ltr' id='par_1_2' title="bbox 251 415 560 450">
     <span class='ocr_line' id='line_1_2' title="bbox 251 415 560 450; baseline 0.003 -2"><span class='ocrx_word' id='word_1_2' title='bbox 251 420 356 449; x_wconf 69' lang='lat' dir='ltr'><strong>Dntum</strong></span> <span class='ocrx_word' id='word_1_3' title='bbox 374 417 467 450; x_wconf 77' lang='lat' dir='ltr'><strong>Aven</strong></span> <span class='ocrx_word' id='word_1_4' title='bbox 473 415 560 449; x_wconf 83' lang='lat' dir='ltr'><strong>ione.</strong></span> 
     </span>
    </p>
   </div>
   <div class='ocr_carea' id='block_1_3' title="bbox 258 681 557 718">
    <p class='ocr_par' dir='ltr' id='par_1_3' title="bbox 258 681 557 718">
     <span class='ocr_line' id='line_1_3' title="bbox 258 681 557 718; baseline 0 -8"><span class='ocrx_word' id='word_1_5' title='bbox 258 684 273 710; x_wconf 84' lang='grc' dir='ltr'><strong><em>Ι</em></strong></span> <span class='ocrx_word' id='word_1_6' title='bbox 294 682 378 718; x_wconf 56' lang='lat' dir='ltr'><strong>(kal.)</strong></span> <span class='ocrx_word' id='word_1_7' title='bbox 394 684 447 710; x_wconf 77' lang='lat' dir='ltr'><strong>oct.</strong></span> <span class='ocrx_word' id='word_1_8' title='bbox 469 681 557 710; x_wconf 78' lang='grc'><strong><em>1320.</em></strong></span> 
     </span>
    </p>
   </div>
   <div class='ocr_carea' id='block_1_4' title="bbox 236 1160 579 1198">
    <p class='ocr_par' dir='ltr' id='par_1_4' title="bbox 236 1160 579 1198">
     <span class='ocr_line' id='line_1_4' title="bbox 236 1160 579 1198; baseline -0.006 -8"><span class='ocrx_word' id='word_1_9' title='bbox 236 1161 258 1189; x_wconf 91' lang='grc'><em>3</em></span> <span class='ocrx_word' id='word_1_10' title='bbox 273 1161 304 1198; x_wconf 81' lang='lat' dir='ltr'><strong>(v</strong></span> <span class='ocrx_word' id='word_1_11' title='bbox 319 1160 401 1197; x_wconf 89' lang='lat' dir='ltr'><strong>non.)</strong></span> <span class='ocrx_word' id='word_1_12' title='bbox 418 1163 471 1189; x_wconf 81' lang='lat' dir='ltr'><strong>oct.</strong></span> <span class='ocrx_word' id='word_1_13' title='bbox 489 1161 579 1189; x_wconf 82' lang='grc'><strong><em>1320.</em></strong></span> 
     </span>
    </p>
   </div>
   <div class='ocr_carea' id='block_1_5' title="bbox 235 1375 573 1413">
    <p class='ocr_par' dir='ltr' id='par_1_5' title="bbox 235 1375 573 1413">
     <span class='ocr_line' id='line_1_5' title="bbox 235 1375 573 1413; baseline 0 -9"><span class='ocrx_word' id='word_1_14' title='bbox 235 1376 255 1404; x_wconf 82' lang='grc'><strong><em>9</em></strong></span> <span class='ocrx_word' id='word_1_15' title='bbox 273 1375 328 1413; x_wconf 84' lang='lat' dir='ltr'><strong>(vn</strong></span> <span class='ocrx_word' id='word_1_16' title='bbox 345 1376 398 1412; x_wconf 87' lang='lat' dir='ltr'><strong>id.)</strong></span> <span class='ocrx_word' id='word_1_17' title='bbox 415 1379 469 1404; x_wconf 82' lang='lat' dir='ltr'><strong>oct.</strong></span> <span class='ocrx_word' id='word_1_18' title='bbox 485 1375 573 1404; x_wconf 74' lang='lat'><strong>4320.</strong></span> 
     </span>
    </p>
   </div>
   <div class='ocr_carea' id='block_1_6' title="bbox 238 1589 573 1624">
    <p class='ocr_par' dir='ltr' id='par_1_6' title="bbox 238 1589 573 1624">
     <span class='ocr_line' id='line_1_6' title="bbox 238 1589 573 1624; baseline 0 -6"><span class='ocrx_word' id='word_1_19' title='bbox 238 1591 273 1618; x_wconf 88' lang='grc'><strong>11</strong></span> <span class='ocrx_word' id='word_1_20' title='bbox 289 1592 321 1624; x_wconf 91' lang='lat' dir='ltr'><strong>(v</strong></span> <span class='ocrx_word' id='word_1_21' title='bbox 341 1589 394 1622; x_wconf 87' lang='lat' dir='ltr'><strong>id.)</strong></span> <span class='ocrx_word' id='word_1_22' title='bbox 412 1593 465 1618; x_wconf 83' lang='lat' dir='ltr'><strong>oct.</strong></span> <span class='ocrx_word' id='word_1_23' title='bbox 485 1589 573 1618; x_wconf 80' lang='grc'><strong><em>1320.</em></strong></span> 
     </span>
    </p>
   </div>
   <div class='ocr_carea' id='block_1_7' title="bbox 243 1749 570 1786">
    <p class='ocr_par' dir='ltr' id='par_1_7' title="bbox 243 1749 570 1786">
     <span class='ocr_line' id='line_1_7' title="bbox 243 1749 570 1786; baseline 0.006 -8"><span class='ocrx_word' id='word_1_24' title='bbox 243 1750 281 1778; x_wconf 80' lang='grc'><strong>14</strong></span> <span class='ocrx_word' id='word_1_25' title='bbox 294 1750 328 1786; x_wconf 91' lang='lat'><strong>(11</strong></span> <span class='ocrx_word' id='word_1_26' title='bbox 342 1749 395 1786; x_wconf 85' lang='lat' dir='ltr'><strong>id.)</strong></span> <span class='ocrx_word' id='word_1_27' title='bbox 410 1753 463 1778; x_wconf 79' lang='lat' dir='ltr'><strong>oct.</strong></span> <span class='ocrx_word' id='word_1_28' title='bbox 481 1750 570 1780; x_wconf 72' lang='lat'><strong>1320.</strong></span> 
     </span>
    </p>
   </div>
   <div class='ocr_carea' id='block_1_8' title="bbox 283 1910 526 1992">
    <p class='ocr_par' dir='ltr' id='par_1_8' title="bbox 283 1910 526 1992">
     <span class='ocr_line' id='line_1_8' title="bbox 295 1910 519 1944; baseline 0 -6"><span class='ocrx_word' id='word_1_29' title='bbox 295 1910 337 1938; x_wconf 81' lang='lat'><strong>25</strong></span> <span class='ocrx_word' id='word_1_30' title='bbox 355 1914 408 1938; x_wconf 79' lang='lat' dir='ltr'><strong>oct.</strong></span> <span class='ocrx_word' id='word_1_31' title='bbox 430 1910 519 1944; x_wconf 76' lang='lat'><em>1320,</em></span> 
     </span>
     <span class='ocr_line' id='line_1_9' title="bbox 283 1956 526 1992; baseline 0 -9"><span class='ocrx_word' id='word_1_32' title='bbox 283 1956 352 1992; x_wconf 85' lang='lat' dir='ltr'><strong>(vm</strong></span> <span class='ocrx_word' id='word_1_33' title='bbox 369 1956 429 1983; x_wconf 85' lang='lat' dir='ltr'><strong>kal.</strong></span> <span class='ocrx_word' id='word_1_34' title='bbox 447 1958 526 1991; x_wconf 90' lang='lat' dir='ltr'><strong>nov.)</strong></span> 
     </span>
    </p>
   </div>
   <div class='ocr_carea' id='block_1_9' title="bbox 369 2125 448 2155">
    <p class='ocr_par' dir='ltr' id='par_1_9' title="bbox 369 2125 448 2155">
     <span class='ocr_line' id='line_1_10' title="bbox 369 2125 448 2155; baseline 0.025 -2"><span class='ocrx_word' id='word_1_35' title='bbox 369 2125 404 2154; x_wconf 75' lang='lat' dir='ltr'><strong>[t</strong></span> <span class='ocrx_word' id='word_1_36' title='bbox 425 2134 448 2155; x_wconf 88' lang='lat' dir='ltr'><strong>s.</strong></span> 
     </span>
    </p>
   </div>
   <div class='ocr_carea' id='block_1_10' title="bbox 218 2286 592 2323">
    <p class='ocr_par' dir='ltr' id='par_1_10' title="bbox 218 2286 592 2323">
     <span class='ocr_line' id='line_1_11' title="bbox 218 2286 592 2323; baseline 0.003 -9"><span class='ocrx_word' id='word_1_37' title='bbox 218 2287 239 2314; x_wconf 81' lang='lat'><strong><em>6</em></strong></span> <span class='ocrx_word' id='word_1_38' title='bbox 257 2286 326 2323; x_wconf 85' lang='lat' dir='ltr'><strong>(vm</strong></span> <span class='ocrx_word' id='word_1_39' title='bbox 343 2286 397 2320; x_wconf 88' lang='lat' dir='ltr'><strong>id.)</strong></span> <span class='ocrx_word' id='word_1_40' title='bbox 416 2294 480 2314; x_wconf 83' lang='lat' dir='ltr'><strong>nov.</strong></span> <span class='ocrx_word' id='word_1_41' title='bbox 504 2286 592 2315; x_wconf 73' lang='lat'><strong>4320.</strong></span> 
     </span>
    </p>
   </div>
   <div class='ocr_carea' id='block_1_11' title="bbox 364 2554 443 2582">
    <p class='ocr_par' dir='ltr' id='par_1_11' title="bbox 364 2554 443 2582">
     <span class='ocr_line' id='line_1_12' title="bbox 364 2554 443 2582; baseline 0 0"><span class='ocrx_word' id='word_1_42' title='bbox 364 2554 401 2582; x_wconf 84' lang='lat' dir='ltr'><strong>Ut</strong></span> <span class='ocrx_word' id='word_1_43' title='bbox 422 2562 443 2582; x_wconf 88' lang='lat' dir='ltr'><strong>s.</strong></span> 
     </span>
    </p>
   </div>
   <div class='ocr_carea' id='block_1_12' title="bbox 366 2661 447 2689">
    <p class='ocr_par' dir='ltr' id='par_1_12' title="bbox 366 2661 447 2689">
     <span class='ocr_line' id='line_1_13' title="bbox 366 2661 447 2689; baseline -0.012 0"><span class='ocrx_word' id='word_1_44' title='bbox 366 2661 402 2689; x_wconf 86' lang='lat' dir='ltr'><strong>Ut</strong></span> <span class='ocrx_word' id='word_1_45' title='bbox 422 2669 447 2688; x_wconf 88' lang='lat' dir='ltr'><strong>s.</strong></span> 
     </span>
    </p>
   </div>
   <div class='ocr_carea' id='block_1_13' title="bbox 370 2767 450 2795">
    <p class='ocr_par' dir='ltr' id='par_1_13' title="bbox 370 2767 450 2795">
     <span class='ocr_line' id='line_1_14' title="bbox 370 2767 450 2795; baseline 0 0"><span class='ocrx_word' id='word_1_46' title='bbox 370 2767 405 2795; x_wconf 81' lang='lat' dir='ltr'><strong>Ut</strong></span> <span class='ocrx_word' id='word_1_47' title='bbox 426 2775 450 2795; x_wconf 78' lang='lat' dir='ltr'><strong>s,</strong></span> 
     </span>
    </p>
   </div>
   <div class='ocr_carea' id='block_1_14' title="bbox 364 2983 449 3012">
    <p class='ocr_par' dir='ltr' id='par_1_14' title="bbox 364 2983 449 3012">
     <span class='ocr_line' id='line_1_15' title="bbox 364 2983 449 3012; baseline -0.024 0"><span class='ocrx_word' id='word_1_48' title='bbox 364 2983 402 3012; x_wconf 82' lang='lat' dir='ltr'><strong>Ut</strong></span> <span class='ocrx_word' id='word_1_49' title='bbox 422 2991 449 3011; x_wconf 77' lang='lat' dir='ltr'><strong>s.</strong></span> 
     </span>
    </p>
   </div>
   <div class='ocr_carea' id='block_1_15' title="bbox 630 328 2255 369">
    <p class='ocr_par' dir='ltr' id='par_1_15' title="bbox 630 328 2255 369">
     <span class='ocr_line' id='line_1_16' title="bbox 630 328 2255 369; baseline 0.001 -8"><span class='ocrx_word' id='word_1_50' title='bbox 630 329 803 361; x_wconf 90' lang='lat' dir='ltr'><strong>JOANNIS</strong></span> <span class='ocrx_word' id='word_1_51' title='bbox 827 329 945 360; x_wconf 85' lang='lat' dir='ltr'><strong>PAPAE</strong></span> <span class='ocrx_word' id='word_1_52' title='bbox 967 329 1068 359; x_wconf 89' lang='lat' dir='ltr'>XXII.</span> <span class='ocrx_word' id='word_1_53' title='bbox 1093 330 1343 369; x_wconf 71' lang='lat'><strong>(1316-1334).</strong></span> <span class='ocrx_word' id='word_1_54' title='bbox 1368 346 1406 351; x_wconf 90' lang='lat'>—</span> <span class='ocrx_word' id='word_1_55' title='bbox 1429 328 1614 359; x_wconf 81' lang='lat' dir='ltr'>LITTERAE</span> <span class='ocrx_word' id='word_1_56' title='bbox 1638 329 1689 358; x_wconf 90' lang='lat' dir='ltr'><strong>DE</strong></span> <span class='ocrx_word' id='word_1_57' title='bbox 1712 328 1836 359; x_wconf 89' lang='lat' dir='ltr'><strong>CURlA</strong></span> <span class='ocrx_word' id='word_1_58' title='bbox 2196 333 2255 362; x_wconf 84' lang='lat'><strong>353</strong></span> 
     </span>
    </p>
   </div>
   <div class='ocr_carea' id='block_1_16' title="bbox 648 521 2259 3016">
    <p class='ocr_par' dir='ltr' id='par_1_16' title="bbox 649 521 2255 666">
     <span class='ocr_line' id='line_1_17' title="bbox 650 521 2254 562; baseline 0.002 -10"><span class='ocrx_word' id='word_1_59' title='bbox 650 522 857 562; x_wconf 87' lang='lat' dir='ltr'><strong>Forojulien.</strong></span> <span class='ocrx_word' id='word_1_60' title='bbox 875 521 1121 553; x_wconf 87' lang='lat' dir='ltr'><strong>instituendum</strong></span> <span class='ocrx_word' id='word_1_61' title='bbox 1139 521 1261 553; x_wconf 87' lang='lat' dir='ltr'><strong>serviri</strong></span> <span class='ocrx_word' id='word_1_62' title='bbox 1274 521 1405 558; x_wconf 83' lang='lat' dir='ltr'><strong>debeat,</strong></span> <span class='ocrx_word' id='word_1_63' title='bbox 1425 523 1458 552; x_wconf 90' lang='lat' dir='ltr'><strong>et</strong></span> <span class='ocrx_word' id='word_1_64' title='bbox 1476 522 1549 561; x_wconf 89' lang='lat' dir='ltr'><strong>ipse</strong></span> <span class='ocrx_word' id='word_1_65' title='bbox 1565 523 1723 553; x_wconf 86' lang='lat' dir='ltr'><strong>sacerdos</strong></span> <span class='ocrx_word' id='word_1_66' title='bbox 1740 522 1781 553; x_wconf 86' lang='lat' dir='ltr'><strong>ad</strong></span> <span class='ocrx_word' id='word_1_67' title='bbox 1795 523 1909 553; x_wconf 81' lang='lat' dir='ltr'>onmia</span> <span class='ocrx_word' id='word_1_68' title='bbox 1924 522 2036 562; x_wconf 90' lang='lat' dir='ltr'><strong>ipsius</strong></span> <span class='ocrx_word' id='word_1_69' title='bbox 2050 523 2130 554; x_wconf 87' lang='lat' dir='ltr'><strong>eccl.</strong></span> <span class='ocrx_word' id='word_1_70' title='bbox 2146 525 2254 555; x_wconf 89' lang='lat' dir='ltr'><strong>servi-</strong></span> 
     </span>
     <span class='ocr_line' id='line_1_18' title="bbox 649 575 2255 617; baseline 0.001 -11"><span class='ocrx_word' id='word_1_71' title='bbox 649 575 698 606; x_wconf 87' lang='lat' dir='ltr'><strong>tia</strong></span> <span class='ocrx_word' id='word_1_72' title='bbox 713 576 869 606; x_wconf 88' lang='lat' dir='ltr'><strong>teneatur</strong></span> <span class='ocrx_word' id='word_1_73' title='bbox 892 576 933 606; x_wconf 90' lang='lat' dir='ltr'><strong>ad</strong></span> <span class='ocrx_word' id='word_1_74' title='bbox 956 584 1029 615; x_wconf 84' lang='lat' dir='ltr'><strong>quae</strong></span> <span class='ocrx_word' id='word_1_75' title='bbox 1052 576 1210 606; x_wconf 87' lang='lat' dir='ltr'><strong>tenentur</strong></span> <span class='ocrx_word' id='word_1_76' title='bbox 1230 575 1339 615; x_wconf 84' lang='lat' dir='ltr'><strong>ejusd.</strong></span> <span class='ocrx_word' id='word_1_77' title='bbox 1360 575 1440 606; x_wconf 88' lang='lat' dir='ltr'><strong>eccl.</strong></span> <span class='ocrx_word' id='word_1_78' title='bbox 1464 575 1660 606; x_wconf 86' lang='lat' dir='ltr'><strong>servitores.</strong></span> <span class='ocrx_word' id='word_1_79' title='bbox 1686 576 1740 615; x_wconf 84' lang='grc' dir='ltr'><strong><em>(Α.</em></strong></span> <span class='ocrx_word' id='word_1_80' title='bbox 1761 577 1809 612; x_wconf 89' lang='grc'><strong>14,</strong></span> <span class='ocrx_word' id='word_1_81' title='bbox 1830 576 1853 606; x_wconf 86' lang='lat' dir='ltr'><strong>f.</strong></span> <span class='ocrx_word' id='word_1_82' title='bbox 1872 577 1932 607; x_wconf 90' lang='grc'><strong>394</strong></span> <span class='ocrx_word' id='word_1_83' title='bbox 1954 575 1983 612; x_wconf 65' lang='grc' dir='ltr'><strong>Ι),</strong></span> <span class='ocrx_word' id='word_1_84' title='bbox 2015 575 2046 606; x_wconf 87' lang='lat' dir='ltr'><strong>V.</strong></span> <span class='ocrx_word' id='word_1_85' title='bbox 2069 578 2118 613; x_wconf 86' lang='lat'><strong>71,</strong></span> <span class='ocrx_word' id='word_1_86' title='bbox 2145 586 2197 617; x_wconf 90' lang='lat' dir='ltr'><strong>ep.</strong></span> <span class='ocrx_word' id='word_1_87' title='bbox 2215 579 2255 610; x_wconf 79' lang='grc'><strong>29</strong></span> 
     </span>
     <span class='ocr_line' id='line_1_19' title="bbox 650 627 786 666; baseline 0 -8"><span class='ocrx_word' id='word_1_88' title='bbox 650 627 688 658; x_wconf 86' lang='lat' dir='ltr'><strong>de</strong></span> <span class='ocrx_word' id='word_1_89' title='bbox 707 629 786 666; x_wconf 84' lang='lat' dir='ltr'><strong>cur.)</strong></span> 
     </span>
    </p>

    <p class='ocr_par' dir='ltr' id='par_1_17' title="bbox 648 678 2255 1148">
     <span class='ocr_line' id='line_1_20' title="bbox 694 678 2254 722; baseline 0.003 -13"><span class='ocrx_word' id='word_1_90' title='bbox 694 680 705 691; x_wconf 72' lang='lat'>⁸</span> <span class='ocrx_word' id='word_1_91' title='bbox 729 678 862 710; x_wconf 77' lang='lat'><strong>14129.</strong></span> <span class='ocrx_word' id='word_1_92' title='bbox 883 700 921 704; x_wconf 97' lang='lat'><strong>—</strong></span> <span class='ocrx_word' id='word_1_93' title='bbox 938 682 1124 712; x_wconf 87' lang='lat' dir='ltr'><strong>Processus</strong></span> <span class='ocrx_word' id='word_1_94' title='bbox 1139 681 1245 712; x_wconf 75' lang='lat' dir='ltr'><strong>habiti</strong></span> <span class='ocrx_word' id='word_1_95' title='bbox 1263 683 1380 712; x_wconf 79' lang='lat' dir='ltr'><strong>contra</strong></span> <span class='ocrx_word' id='word_1_96' title='bbox 1396 681 1585 712; x_wconf 77' lang='lat' dir='ltr'><strong>Banclzelum</strong></span> <span class='ocrx_word' id='word_1_97' title='bbox 1603 681 1639 711; x_wconf 74' lang='lat' dir='ltr'><strong>(Ie</strong></span> <span class='ocrx_word' id='word_1_98' title='bbox 1655 681 1802 722; x_wconf 71' lang='lat' dir='ltr'><strong>Ciyrano,</strong></span> <span class='ocrx_word' id='word_1_99' title='bbox 1817 687 2007 722; x_wconf 83' lang='lat' dir='ltr'><strong>potestatem,</strong></span> <span class='ocrx_word' id='word_1_100' title='bbox 2021 688 2049 713; x_wconf 83' lang='lat' dir='ltr'><strong>et</strong></span> <span class='ocrx_word' id='word_1_101' title='bbox 2066 682 2254 714; x_wconf 72' lang='lat' dir='ltr'><strong>Boloninzcm</strong></span> 
     </span>
     <span class='ocr_line' id='line_1_21' title="bbox 650 733 2252 775; baseline 0.002 -11"><span class='ocrx_word' id='word_1_102' title='bbox 650 734 686 764; x_wconf 85' lang='lat' dir='ltr'><strong>de</strong></span> <span class='ocrx_word' id='word_1_103' title='bbox 709 733 839 766; x_wconf 82' lang='lat' dir='ltr'><strong>Cassaro</strong></span> <span class='ocrx_word' id='word_1_104' title='bbox 865 745 900 765; x_wconf 88' lang='lat' dir='ltr'><strong>ac</strong></span> <span class='ocrx_word' id='word_1_105' title='bbox 929 734 1121 775; x_wconf 84' lang='lat' dir='ltr'><strong>Uppezinum</strong></span> <span class='ocrx_word' id='word_1_106' title='bbox 1145 734 1182 765; x_wconf 80' lang='lat' dir='ltr'><strong>de</strong></span> <span class='ocrx_word' id='word_1_107' title='bbox 1204 734 1472 774; x_wconf 72' lang='lat' dir='ltr'><strong>Sarrannqarina,</strong></span> <span class='ocrx_word' id='word_1_108' title='bbox 1498 735 1682 774; x_wconf 78' lang='lat' dir='ltr'><strong>defensores,</strong></span> <span class='ocrx_word' id='word_1_109' title='bbox 1708 734 1869 765; x_wconf 79' lang='lat' dir='ltr'><strong>consilium</strong></span> <span class='ocrx_word' id='word_1_110' title='bbox 1891 740 1920 765; x_wconf 84' lang='lat' dir='ltr'><strong>ec</strong></span> <span class='ocrx_word' id='word_1_111' title='bbox 1945 746 2098 766; x_wconf 83' lang='lat' dir='ltr'><strong>commune</strong></span> <span class='ocrx_word' id='word_1_112' title='bbox 2121 736 2252 774; x_wconf 61' lang='lat' dir='ltr'><strong>Fanen„</strong></span> 
     </span>
     <span class='ocr_line' id='line_1_22' title="bbox 650 787 2253 828; baseline 0.002 -10"><span class='ocrx_word' id='word_1_113' title='bbox 650 788 692 818; x_wconf 85' lang='grc' dir='ltr'><strong><em>Ε.</em></strong></span> <span class='ocrx_word' id='word_1_114' title='bbox 712 788 748 819; x_wconf 79' lang='lat' dir='ltr'><strong>R.</strong></span> <span class='ocrx_word' id='word_1_115' title='bbox 768 788 928 828; x_wconf 80' lang='lat' dir='ltr'><strong>subjectos,</strong></span> <span class='ocrx_word' id='word_1_116' title='bbox 954 789 1012 828; x_wconf 85' lang='lat' dir='ltr'><strong>qui</strong></span> <span class='ocrx_word' id='word_1_117' title='bbox 1030 787 1071 818; x_wconf 90' lang='lat' dir='ltr'><strong>ab</strong></span> <span class='ocrx_word' id='word_1_118' title='bbox 1096 787 1289 819; x_wconf 85' lang='lat' dir='ltr'><strong>obedientia</strong></span> <span class='ocrx_word' id='word_1_119' title='bbox 1314 788 1453 825; x_wconf 85' lang='lat' dir='ltr'><strong>Amelii,</strong></span> <span class='ocrx_word' id='word_1_120' title='bbox 1480 787 1636 818; x_wconf 86' lang='lat' dir='ltr'><strong>Marchiae</strong></span> <span class='ocrx_word' id='word_1_121' title='bbox 1652 788 1853 819; x_wconf 89' lang='lat' dir='ltr'><strong>Anconitan.</strong></span> <span class='ocrx_word' id='word_1_122' title='bbox 1873 789 2027 825; x_wconf 88' lang='lat' dir='ltr'><strong>rectoris,</strong></span> <span class='ocrx_word' id='word_1_123' title='bbox 2044 790 2253 826; x_wconf 81' lang='lat' dir='ltr'><strong>recedentes,</strong></span> 
     </span>
     <span class='ocr_line' id='line_1_23' title="bbox 650 840 2252 879; baseline 0 -7"><span class='ocrx_word' id='word_1_124' title='bbox 650 841 869 872; x_wconf 85' lang='lat' dir='ltr'><strong>Fredericum</strong></span> <span class='ocrx_word' id='word_1_125' title='bbox 887 841 928 872; x_wconf 91' lang='lat' dir='ltr'><strong>de</strong></span> <span class='ocrx_word' id='word_1_126' title='bbox 953 841 1205 878; x_wconf 85' lang='lat' dir='ltr'><strong>Monteferetro,</strong></span> <span class='ocrx_word' id='word_1_127' title='bbox 1222 840 1413 872; x_wconf 88' lang='lat' dir='ltr'><strong>Guidonem</strong></span> <span class='ocrx_word' id='word_1_128' title='bbox 1439 840 1549 871; x_wconf 85' lang='lat' dir='ltr'><strong>filium</strong></span> <span class='ocrx_word' id='word_1_129' title='bbox 1567 841 1652 879; x_wconf 85' lang='lat' dir='ltr'><strong>ejus,</strong></span> <span class='ocrx_word' id='word_1_130' title='bbox 1671 842 1704 871; x_wconf 89' lang='lat' dir='ltr'><strong>et</strong></span> <span class='ocrx_word' id='word_1_131' title='bbox 1721 840 1913 879; x_wconf 86' lang='lat' dir='ltr'><strong>Lippatium</strong></span> <span class='ocrx_word' id='word_1_132' title='bbox 1936 842 1977 872; x_wconf 91' lang='lat' dir='ltr'><strong>de</strong></span> <span class='ocrx_word' id='word_1_133' title='bbox 1997 842 2134 878; x_wconf 87' lang='lat' dir='ltr'><strong>Aussio‚</strong></span> <span class='ocrx_word' id='word_1_134' title='bbox 2152 843 2190 874; x_wconf 86' lang='lat' dir='ltr'><strong>E.</strong></span> <span class='ocrx_word' id='word_1_135' title='bbox 2211 843 2252 874; x_wconf 81' lang='lat' dir='ltr'><strong>R.</strong></span> 
     </span>
     <span class='ocr_line' id='line_1_24' title="bbox 650 893 2255 932; baseline 0.001 -7"><span class='ocrx_word' id='word_1_136' title='bbox 650 893 806 930; x_wconf 86' lang='lat' dir='ltr'>rebelles,</span> <span class='ocrx_word' id='word_1_137' title='bbox 825 902 954 925; x_wconf 86' lang='lat' dir='ltr'><strong>excom.</strong></span> <span class='ocrx_word' id='word_1_138' title='bbox 972 896 1004 924; x_wconf 93' lang='lat' dir='ltr'><strong>et</strong></span> <span class='ocrx_word' id='word_1_139' title='bbox 1022 894 1098 924; x_wconf 88' lang='lat' dir='ltr'><strong>aliis</strong></span> <span class='ocrx_word' id='word_1_140' title='bbox 1115 894 1295 924; x_wconf 87' lang='lat' dir='ltr'><strong>sententiis</strong></span> <span class='ocrx_word' id='word_1_141' title='bbox 1312 895 1399 924; x_wconf 87' lang='lat' dir='ltr'><strong>auct.</strong></span> <span class='ocrx_word' id='word_1_142' title='bbox 1418 895 1526 932; x_wconf 86' lang='lat' dir='ltr'>apost.</span> <span class='ocrx_word' id='word_1_143' title='bbox 1543 893 1734 929; x_wconf 85' lang='lat' dir='ltr'><strong>innodatos,</strong></span> <span class='ocrx_word' id='word_1_144' title='bbox 1753 894 1787 924; x_wconf 91' lang='lat' dir='ltr'><strong>in</strong></span> <span class='ocrx_word' id='word_1_145' title='bbox 1803 894 1894 924; x_wconf 86' lang='lat' dir='ltr'><strong>civit.</strong></span> <span class='ocrx_word' id='word_1_146' title='bbox 1912 894 2039 925; x_wconf 87' lang='lat' dir='ltr'><strong>Fauen.</strong></span> <span class='ocrx_word' id='word_1_147' title='bbox 2057 894 2255 926; x_wconf 86' lang='lat' dir='ltr'><strong>introduxe-</strong></span> 
     </span>
     <span class='ocr_line' id='line_1_25' title="bbox 649 946 2255 986; baseline 0.001 -8"><span class='ocrx_word' id='word_1_148' title='bbox 649 949 739 982; x_wconf 88' lang='lat' dir='ltr'><strong>runt,</strong></span> <span class='ocrx_word' id='word_1_149' title='bbox 756 947 901 978; x_wconf 90' lang='lat' dir='ltr'><strong>diversis</strong></span> <span class='ocrx_word' id='word_1_150' title='bbox 918 947 1044 978; x_wconf 85' lang='lat' dir='ltr'>ibidem</span> <span class='ocrx_word' id='word_1_151' title='bbox 1067 946 1255 977; x_wconf 82' lang='lat' dir='ltr'><strong>sceleribus</strong></span> <span class='ocrx_word' id='word_1_152' title='bbox 1271 947 1517 986; x_wconf 84' lang='lat' dir='ltr'><strong>perpetrantes.</strong></span> <span class='ocrx_word' id='word_1_153' title='bbox 1537 947 1692 978; x_wconf 86' lang='lat' dir='ltr'><strong>Citantur</strong></span> <span class='ocrx_word' id='word_1_154' title='bbox 1708 955 1837 982; x_wconf 90' lang='lat' dir='ltr'><strong>omnes,</strong></span> <span class='ocrx_word' id='word_1_155' title='bbox 1858 947 1888 978; x_wconf 89' lang='lat' dir='ltr'><strong>si</strong></span> <span class='ocrx_word' id='word_1_156' title='bbox 1909 946 1999 978; x_wconf 81' lang='lat' dir='ltr'><strong>infra</strong></span> <span class='ocrx_word' id='word_1_157' title='bbox 2015 957 2024 977; x_wconf 93' lang='lat'>1</span> <span class='ocrx_word' id='word_1_158' title='bbox 2044 956 2197 979; x_wconf 89' lang='lat' dir='ltr'><strong>mensem</strong></span> <span class='ocrx_word' id='word_1_159' title='bbox 2214 949 2255 979; x_wconf 86' lang='lat' dir='ltr'><strong>ad</strong></span> 
     </span>
     <span class='ocr_line' id='line_1_26' title="bbox 648 999 2255 1040; baseline 0 -8"><span class='ocrx_word' id='word_1_160' title='bbox 648 1001 687 1032; x_wconf 90' lang='lat' dir='ltr'><strong>E.</strong></span> <span class='ocrx_word' id='word_1_161' title='bbox 704 1001 746 1032; x_wconf 83' lang='lat' dir='ltr'><strong>R.</strong></span> <span class='ocrx_word' id='word_1_162' title='bbox 762 1000 991 1032; x_wconf 77' lang='lat' dir='ltr'><strong>obedientiam</strong></span> <span class='ocrx_word' id='word_1_163' title='bbox 1009 1008 1074 1031; x_wconf 87' lang='lat' dir='ltr'><strong>non</strong></span> <span class='ocrx_word' id='word_1_164' title='bbox 1092 1000 1267 1035; x_wconf 86' lang='lat' dir='ltr'><strong>redierint,</strong></span> <span class='ocrx_word' id='word_1_165' title='bbox 1283 1001 1319 1031; x_wconf 91' lang='lat' dir='ltr'><strong>ut</strong></span> <span class='ocrx_word' id='word_1_166' title='bbox 1334 1000 1423 1030; x_wconf 87' lang='lat' dir='ltr'><strong>infra</strong></span> <span class='ocrx_word' id='word_1_167' title='bbox 1439 999 1525 1030; x_wconf 86' lang='lat' dir='ltr'><strong>alios</strong></span> <span class='ocrx_word' id='word_1_168' title='bbox 1544 1009 1616 1030; x_wconf 81' lang='lat' dir='ltr'><strong>xxx</strong></span> <span class='ocrx_word' id='word_1_169' title='bbox 1631 1000 1704 1030; x_wconf 89' lang='lat' dir='ltr'><strong>dies</strong></span> <span class='ocrx_word' id='word_1_170' title='bbox 1721 1002 1828 1039; x_wconf 87' lang='lat' dir='ltr'><strong>apost.</strong></span> <span class='ocrx_word' id='word_1_171' title='bbox 1847 1000 2043 1040; x_wconf 89' lang='lat' dir='ltr'><strong>conspectui</strong></span> <span class='ocrx_word' id='word_1_172' title='bbox 2058 1009 2094 1032; x_wconf 89' lang='lat' dir='ltr'><strong>se</strong></span> <span class='ocrx_word' id='word_1_173' title='bbox 2110 1010 2255 1040; x_wconf 78' lang='lat' dir='ltr'><strong>praesen-</strong></span> 
     </span>
     <span class='ocr_line' id='line_1_27' title="bbox 648 1053 2254 1094; baseline 0 -9"><span class='ocrx_word' id='word_1_174' title='bbox 648 1055 740 1090; x_wconf 85' lang='lat' dir='ltr'><strong>tent;</strong></span> <span class='ocrx_word' id='word_1_175' title='bbox 760 1054 914 1093; x_wconf 87' lang='lat' dir='ltr'><strong>sequitur</strong></span> <span class='ocrx_word' id='word_1_176' title='bbox 939 1062 1080 1084; x_wconf 90' lang='lat' dir='ltr'><strong>securus</strong></span> <span class='ocrx_word' id='word_1_177' title='bbox 1099 1053 1286 1084; x_wconf 89' lang='lat' dir='ltr'><strong>conductus</strong></span> <span class='ocrx_word' id='word_1_178' title='bbox 1303 1062 1343 1084; x_wconf 88' lang='lat' dir='ltr'><strong>ne</strong></span> <span class='ocrx_word' id='word_1_179' title='bbox 1360 1053 1555 1092; x_wconf 88' lang='lat' dir='ltr'><strong>hujusmodi</strong></span> <span class='ocrx_word' id='word_1_180' title='bbox 1573 1053 1727 1084; x_wconf 79' lang='lat' dir='ltr'><strong>citationi</strong></span> <span class='ocrx_word' id='word_1_181' title='bbox 1751 1053 1909 1084; x_wconf 85' lang='lat' dir='ltr'><strong>illudant.</strong></span> <span class='ocrx_word' id='word_1_182' title='bbox 1934 1054 1989 1094; x_wconf 89' lang='lat' dir='ltr'><strong>(A.</strong></span> <span class='ocrx_word' id='word_1_183' title='bbox 2015 1055 2063 1090; x_wconf 90' lang='grc'><strong>14,</strong></span> <span class='ocrx_word' id='word_1_184' title='bbox 2086 1053 2108 1085; x_wconf 87' lang='lat' dir='ltr'><strong>f.</strong></span> <span class='ocrx_word' id='word_1_185' title='bbox 2133 1056 2193 1086; x_wconf 91' lang='grc'><strong>419</strong></span> <span class='ocrx_word' id='word_1_186' title='bbox 2218 1060 2254 1091; x_wconf 58' lang='grc' dir='ltr'><strong><em>ὃ,</em></strong></span> 
     </span>
     <span class='ocr_line' id='line_1_28' title="bbox 653 1106 2103 1148; baseline -0.001 -9"><span class='ocrx_word' id='word_1_187' title='bbox 653 1107 687 1139; x_wconf 90' lang='lat' dir='ltr'><strong>V.</strong></span> <span class='ocrx_word' id='word_1_188' title='bbox 704 1110 754 1146; x_wconf 90' lang='grc'><strong>71,</strong></span> <span class='ocrx_word' id='word_1_189' title='bbox 773 1117 826 1147; x_wconf 91' lang='lat' dir='ltr'><strong>ep.</strong></span> <span class='ocrx_word' id='word_1_190' title='bbox 845 1109 883 1139; x_wconf 85' lang='lat'><strong>77</strong></span> <span class='ocrx_word' id='word_1_191' title='bbox 897 1107 933 1138; x_wconf 88' lang='lat' dir='ltr'><strong>de</strong></span> <span class='ocrx_word' id='word_1_192' title='bbox 947 1117 1031 1144; x_wconf 82' lang='lat' dir='ltr'><strong>eur.;</strong></span> <span class='ocrx_word' id='word_1_193' title='bbox 1048 1107 1205 1144; x_wconf 86' lang='lat' dir='ltr'><strong>Theiner,</strong></span> <span class='ocrx_word' id='word_1_194' title='bbox 1225 1107 1327 1138; x_wconf 68' lang='lat' dir='ltr'><strong>Codex</strong></span> <span class='ocrx_word' id='word_1_195' title='bbox 1341 1106 1570 1148; x_wconf 77' lang='lat' dir='ltr'><strong>diplomaticus,</strong></span> <span class='ocrx_word' id='word_1_196' title='bbox 1585 1109 1609 1138; x_wconf 89' lang='lat' dir='ltr'><strong>t.</strong></span> <span class='ocrx_word' id='word_1_197' title='bbox 1628 1107 1655 1143; x_wconf 90' lang='grc' dir='ltr'><strong><em>Ι,</em></strong></span> <span class='ocrx_word' id='word_1_198' title='bbox 1672 1116 1704 1146; x_wconf 87' lang='lat' dir='ltr'><strong>p.</strong></span> <span class='ocrx_word' id='word_1_199' title='bbox 1724 1109 1793 1142; x_wconf 86' lang='lat'><strong>496,</strong></span> <span class='ocrx_word' id='word_1_200' title='bbox 1811 1107 1885 1138; x_wconf 87' lang='lat' dir='ltr'><strong>doc.</strong></span> <span class='ocrx_word' id='word_1_201' title='bbox 1905 1107 2103 1148; x_wconf 87' lang='lat' dir='ltr'><strong>DCLVIII.)</strong></span> 
     </span>
    </p>

    <p class='ocr_par' dir='ltr' id='par_1_18' title="bbox 648 1158 2255 1361">
     <span class='ocr_line' id='line_1_29' title="bbox 696 1158 2255 1202; baseline 0.001 -12"><span class='ocrx_word' id='word_1_202' title='bbox 696 1158 832 1191; x_wconf 81' lang='grc'><strong><em>14130.</em></strong></span> <span class='ocrx_word' id='word_1_203' title='bbox 854 1179 893 1183; x_wconf 94' lang='grc'><strong>-</strong></span> <span class='ocrx_word' id='word_1_204' title='bbox 916 1160 1157 1202; x_wconf 80' lang='lat' dir='ltr'><strong>Compostellan.</strong></span> <span class='ocrx_word' id='word_1_205' title='bbox 1177 1170 1213 1191; x_wconf 88' lang='lat' dir='ltr'><strong>ac</strong></span> <span class='ocrx_word' id='word_1_206' title='bbox 1235 1160 1372 1191; x_wconf 78' lang='lat' dir='ltr'><strong>Toletan.</strong></span> <span class='ocrx_word' id='word_1_207' title='bbox 1394 1160 1573 1200; x_wconf 63' lang='lat' dir='ltr'><strong>archiepn&#39;s,</strong></span> <span class='ocrx_word' id='word_1_208' title='bbox 1592 1165 1620 1190; x_wconf 82' lang='lat' dir='ltr'><strong>et</strong></span> <span class='ocrx_word' id='word_1_209' title='bbox 1639 1170 1709 1201; x_wconf 61' lang='lat' dir='ltr'><strong>epo</strong></span> <span class='ocrx_word' id='word_1_210' title='bbox 1728 1160 1862 1200; x_wconf 76' lang='lat' dir='ltr'><strong>Buryen.</strong></span> <span class='ocrx_word' id='word_1_211' title='bbox 1883 1161 1996 1191; x_wconf 80' lang='lat' dir='ltr'><strong>mand.</strong></span> <span class='ocrx_word' id='word_1_212' title='bbox 2012 1163 2049 1191; x_wconf 88' lang='lat' dir='ltr'><strong>ut</strong></span> <span class='ocrx_word' id='word_1_213' title='bbox 2065 1160 2255 1193; x_wconf 85' lang='lat' dir='ltr'><strong>dissolvant</strong></span> 
     </span>
     <span class='ocr_line' id='line_1_30' title="bbox 649 1214 2254 1255; baseline -0.001 -9"><span class='ocrx_word' id='word_1_214' title='bbox 649 1217 736 1246; x_wconf 85' lang='lat' dir='ltr'><strong>auct.</strong></span> <span class='ocrx_word' id='word_1_215' title='bbox 752 1217 862 1255; x_wconf 86' lang='lat' dir='ltr'><strong>apost.</strong></span> <span class='ocrx_word' id='word_1_216' title='bbox 877 1223 995 1246; x_wconf 90' lang='lat' dir='ltr'><strong>omnes</strong></span> <span class='ocrx_word' id='word_1_217' title='bbox 1009 1214 1095 1254; x_wconf 86' lang='lat' dir='ltr'><strong>ligas</strong></span> <span class='ocrx_word' id='word_1_218' title='bbox 1109 1215 1275 1254; x_wconf 80' lang='lat' dir='ltr'><strong>praetextu</strong></span> <span class='ocrx_word' id='word_1_219' title='bbox 1288 1214 1424 1245; x_wconf 88' lang='lat' dir='ltr'><strong>tutoriae</strong></span> <span class='ocrx_word' id='word_1_220' title='bbox 1439 1214 1606 1254; x_wconf 87' lang='lat' dir='ltr'><strong>Alphonsi</strong></span> <span class='ocrx_word' id='word_1_221' title='bbox 1624 1214 1714 1253; x_wconf 83' lang='lat' dir='ltr'><strong>regis</strong></span> <span class='ocrx_word' id='word_1_222' title='bbox 1726 1214 1895 1249; x_wconf 83' lang='lat' dir='ltr'><strong>Castellae,</strong></span> <span class='ocrx_word' id='word_1_223' title='bbox 1913 1222 1973 1254; x_wconf 90' lang='lat' dir='ltr'><strong>per</strong></span> <span class='ocrx_word' id='word_1_224' title='bbox 1988 1222 2020 1245; x_wconf 89' lang='lat' dir='ltr'><strong>n.</strong></span> <span class='ocrx_word' id='word_1_225' title='bbox 2040 1222 2071 1244; x_wconf 95' lang='lat' dir='ltr'><strong>v.</strong></span> <span class='ocrx_word' id='word_1_226' title='bbox 2089 1215 2254 1245; x_wconf 85' lang='lat' dir='ltr'><strong>Joannem</strong></span> 
     </span>
     <span class='ocr_line' id='line_1_31' title="bbox 648 1267 2255 1308; baseline -0.001 -8"><span class='ocrx_word' id='word_1_227' title='bbox 648 1268 817 1300; x_wconf 87' lang='lat' dir='ltr'><strong>Manuelis</strong></span> <span class='ocrx_word' id='word_1_228' title='bbox 843 1277 920 1300; x_wconf 92' lang='lat' dir='ltr'><strong>cum</strong></span> <span class='ocrx_word' id='word_1_229' title='bbox 945 1268 1125 1308; x_wconf 84' lang='lat' dir='ltr'><strong>quibusvis</strong></span> <span class='ocrx_word' id='word_1_230' title='bbox 1141 1277 1231 1308; x_wconf 86' lang='lat' dir='ltr'><strong>pers.</strong></span> <span class='ocrx_word' id='word_1_231' title='bbox 1257 1269 1290 1299; x_wconf 90' lang='lat' dir='ltr'><strong>et</strong></span> <span class='ocrx_word' id='word_1_232' title='bbox 1313 1267 1597 1299; x_wconf 86' lang='lat' dir='ltr'><strong>universitatibus</strong></span> <span class='ocrx_word' id='word_1_233' title='bbox 1616 1268 1733 1303; x_wconf 85' lang='lat' dir='ltr'><strong>factas,</strong></span> <span class='ocrx_word' id='word_1_234' title='bbox 1750 1267 1921 1307; x_wconf 87' lang='lat' dir='ltr'><strong>etiamque</strong></span> <span class='ocrx_word' id='word_1_235' title='bbox 1935 1267 2141 1307; x_wconf 87' lang='lat' dir='ltr'><strong>juramentis</strong></span> <span class='ocrx_word' id='word_1_236' title='bbox 2156 1268 2255 1299; x_wconf 88' lang='lat' dir='ltr'><strong>robo-</strong></span> 
     </span>
     <span class='ocr_line' id='line_1_32' title="bbox 649 1320 1461 1361; baseline -0.004 -7"><span class='ocrx_word' id='word_1_237' title='bbox 649 1323 752 1354; x_wconf 83' lang='lat' dir='ltr'><strong>ratas.</strong></span> <span class='ocrx_word' id='word_1_238' title='bbox 770 1322 822 1360; x_wconf 88' lang='lat' dir='ltr'><strong>(A.</strong></span> <span class='ocrx_word' id='word_1_239' title='bbox 845 1323 895 1359; x_wconf 77' lang='grc'><strong>14,</strong></span> <span class='ocrx_word' id='word_1_240' title='bbox 913 1321 936 1353; x_wconf 86' lang='lat' dir='ltr'><strong>f.</strong></span> <span class='ocrx_word' id='word_1_241' title='bbox 955 1323 1014 1353; x_wconf 82' lang='lat'><strong>395</strong></span> <span class='ocrx_word' id='word_1_242' title='bbox 1028 1326 1059 1358; x_wconf 54' lang='grc' dir='ltr'><strong><em>ἃ,</em></strong></span> <span class='ocrx_word' id='word_1_243' title='bbox 1082 1320 1116 1352; x_wconf 92' lang='lat' dir='ltr'><strong>V.</strong></span> <span class='ocrx_word' id='word_1_244' title='bbox 1137 1323 1187 1359; x_wconf 84' lang='lat'><strong>71,</strong></span> <span class='ocrx_word' id='word_1_245' title='bbox 1200 1329 1253 1361; x_wconf 85' lang='lat' dir='ltr'><strong>ep.</strong></span> <span class='ocrx_word' id='word_1_246' title='bbox 1272 1323 1308 1352; x_wconf 88' lang='grc'><strong><em>31</em></strong></span> <span class='ocrx_word' id='word_1_247' title='bbox 1328 1320 1364 1352; x_wconf 81' lang='lat' dir='ltr'><strong>de</strong></span> <span class='ocrx_word' id='word_1_248' title='bbox 1382 1321 1461 1360; x_wconf 80' lang='lat' dir='ltr'><strong>cur.)</strong></span> 
     </span>
    </p>

    <p class='ocr_par' dir='ltr' id='par_1_19' title="bbox 649 1373 2256 1576">
     <span class='ocr_line' id='line_1_33' title="bbox 696 1373 2256 1416; baseline 0.001 -11"><span class='ocrx_word' id='word_1_249' title='bbox 696 1373 833 1405; x_wconf 88' lang='grc'><strong><em>14131.</em></strong></span> <span class='ocrx_word' id='word_1_250' title='bbox 848 1393 886 1399; x_wconf 92' lang='grc'><strong>-</strong></span> <span class='ocrx_word' id='word_1_251' title='bbox 900 1374 987 1416; x_wconf 55' lang='lat' dir='ltr'><strong>Epa</strong></span> <span class='ocrx_word' id='word_1_252' title='bbox 999 1375 1155 1406; x_wconf 81' lang='lat' dir='ltr'><strong>Parisien.</strong></span> <span class='ocrx_word' id='word_1_253' title='bbox 1172 1375 1285 1406; x_wconf 88' lang='lat' dir='ltr'><strong>mand.</strong></span> <span class='ocrx_word' id='word_1_254' title='bbox 1302 1377 1339 1406; x_wconf 93' lang='lat' dir='ltr'><strong>ut</strong></span> <span class='ocrx_word' id='word_1_255' title='bbox 1353 1373 1472 1406; x_wconf 91' lang='lat' dir='ltr'><strong>fideles</strong></span> <span class='ocrx_word' id='word_1_256' title='bbox 1488 1383 1548 1414; x_wconf 92' lang='lat' dir='ltr'><strong>per</strong></span> <span class='ocrx_word' id='word_1_257' title='bbox 1566 1383 1664 1405; x_wconf 88' lang='lat' dir='ltr'><strong>suam</strong></span> <span class='ocrx_word' id='word_1_258' title='bbox 1681 1374 1773 1405; x_wconf 86' lang='lat' dir='ltr'><strong>civit.</strong></span> <span class='ocrx_word' id='word_1_259' title='bbox 1788 1375 1821 1405; x_wconf 89' lang='lat' dir='ltr'><strong>et</strong></span> <span class='ocrx_word' id='word_1_260' title='bbox 1836 1374 1882 1405; x_wconf 90' lang='lat' dir='ltr'><strong>di.</strong></span> <span class='ocrx_word' id='word_1_261' title='bbox 1901 1374 2105 1406; x_wconf 89' lang='lat' dir='ltr'><strong>constitutos</strong></span> <span class='ocrx_word' id='word_1_262' title='bbox 2120 1377 2256 1406; x_wconf 84' lang='lat' dir='ltr'><strong>moneat</strong></span> 
     </span>
     <span class='ocr_line' id='line_1_34' title="bbox 649 1427 2255 1468; baseline -0.001 -8"><span class='ocrx_word' id='word_1_263' title='bbox 649 1431 682 1461; x_wconf 89' lang='lat' dir='ltr'><strong>et</strong></span> <span class='ocrx_word' id='word_1_264' title='bbox 699 1429 837 1460; x_wconf 87' lang='lat' dir='ltr'><strong>inducat</strong></span> <span class='ocrx_word' id='word_1_265' title='bbox 852 1431 890 1460; x_wconf 92' lang='lat' dir='ltr'><strong>ut</strong></span> <span class='ocrx_word' id='word_1_266' title='bbox 905 1438 925 1460; x_wconf 89' lang='lat' dir='ltr'><strong>a</strong></span> <span class='ocrx_word' id='word_1_267' title='bbox 949 1428 1186 1468; x_wconf 86' lang='lat' dir='ltr'><strong>blasphemiis,</strong></span> <span class='ocrx_word' id='word_1_268' title='bbox 1204 1427 1391 1466; x_wconf 83' lang='lat' dir='ltr'><strong>erroribuS‚</strong></span> <span class='ocrx_word' id='word_1_269' title='bbox 1416 1427 1721 1467; x_wconf 82' lang='lat' dir='ltr'><strong>imprecationibus</strong></span> <span class='ocrx_word' id='word_1_270' title='bbox 1737 1429 1770 1458; x_wconf 91' lang='lat' dir='ltr'><strong>et</strong></span> <span class='ocrx_word' id='word_1_271' title='bbox 1785 1427 1994 1458; x_wconf 87' lang='lat' dir='ltr'><strong>falsitatibus</strong></span> <span class='ocrx_word' id='word_1_272' title='bbox 2011 1436 2086 1468; x_wconf 85' lang='lat' dir='ltr'><strong>quae</strong></span> <span class='ocrx_word' id='word_1_273' title='bbox 2103 1428 2138 1458; x_wconf 91' lang='lat' dir='ltr'><strong>in</strong></span> <span class='ocrx_word' id='word_1_274' title='bbox 2155 1427 2255 1459; x_wconf 88' lang='lat' dir='ltr'><strong>libris</strong></span> 
     </span>
     <span class='ocr_line' id='line_1_35' title="bbox 650 1480 2254 1522; baseline 0 -9"><span class='ocrx_word' id='word_1_275' title='bbox 650 1483 740 1522; x_wconf 89' lang='lat' dir='ltr'><strong>apud</strong></span> <span class='ocrx_word' id='word_1_276' title='bbox 761 1482 900 1514; x_wconf 86' lang='lat' dir='ltr'><strong>Judaeos</strong></span> <span class='ocrx_word' id='word_1_277' title='bbox 915 1492 931 1513; x_wconf 93' lang='lat'>«</span> <span class='ocrx_word' id='word_1_278' title='bbox 956 1482 1134 1514; x_wconf 86' lang='lat' dir='ltr'><strong>Talamutz</strong></span> <span class='ocrx_word' id='word_1_279' title='bbox 1155 1492 1171 1512; x_wconf 89' lang='lat'>»</span> <span class='ocrx_word' id='word_1_280' title='bbox 1202 1482 1389 1512; x_wconf 87' lang='lat' dir='ltr'><strong>nominatis</strong></span> <span class='ocrx_word' id='word_1_281' title='bbox 1415 1481 1642 1518; x_wconf 89' lang='lat' dir='ltr'><strong>continentur,</strong></span> <span class='ocrx_word' id='word_1_282' title='bbox 1670 1489 1706 1512; x_wconf 88' lang='lat' dir='ltr'><strong>se</strong></span> <span class='ocrx_word' id='word_1_283' title='bbox 1735 1480 1938 1512; x_wconf 83' lang='lat' dir='ltr'><strong>abstineant.</strong></span> <span class='ocrx_word' id='word_1_284' title='bbox 1962 1480 2014 1520; x_wconf 79' lang='lat' dir='ltr'><strong>(A.</strong></span> <span class='ocrx_word' id='word_1_285' title='bbox 2037 1483 2087 1518; x_wconf 87' lang='grc'><strong>13,</strong></span> <span class='ocrx_word' id='word_1_286' title='bbox 2104 1480 2127 1512; x_wconf 83' lang='lat' dir='ltr'><strong>f.</strong></span> <span class='ocrx_word' id='word_1_287' title='bbox 2143 1482 2203 1513; x_wconf 88' lang='lat'><strong>809</strong></span> <span class='ocrx_word' id='word_1_288' title='bbox 2219 1487 2254 1517; x_wconf 63' lang='grc' dir='ltr'><strong><em>ὃ,</em></strong></span> 
     </span>
     <span class='ocr_line' id='line_1_36' title="bbox 654 1535 1055 1576; baseline -0.002 -8"><span class='ocrx_word' id='word_1_289' title='bbox 654 1536 691 1568; x_wconf 90' lang='lat' dir='ltr'><strong>V.</strong></span> <span class='ocrx_word' id='word_1_290' title='bbox 710 1538 761 1573; x_wconf 87' lang='grc'><strong>70,</strong></span> <span class='ocrx_word' id='word_1_291' title='bbox 778 1545 832 1576; x_wconf 91' lang='lat' dir='ltr'><strong>ep.</strong></span> <span class='ocrx_word' id='word_1_292' title='bbox 851 1537 910 1568; x_wconf 89' lang='grc'><strong>190</strong></span> <span class='ocrx_word' id='word_1_293' title='bbox 925 1535 961 1566; x_wconf 85' lang='lat' dir='ltr'><strong>de</strong></span> <span class='ocrx_word' id='word_1_294' title='bbox 974 1535 1055 1575; x_wconf 86' lang='lat' dir='ltr'><strong>cur.)</strong></span> 
     </span>
    </p>

    <p class='ocr_par' dir='ltr' id='par_1_20' title="bbox 649 1587 2256 1736">
     <span class='ocr_line' id='line_1_37' title="bbox 696 1587 2256 1629; baseline -0.001 -11"><span class='ocrx_word' id='word_1_295' title='bbox 696 1587 831 1619; x_wconf 78' lang='grc'><strong><em>14132.</em></strong></span> <span class='ocrx_word' id='word_1_296' title='bbox 849 1607 884 1613; x_wconf 92' lang='lat'>-</span> <span class='ocrx_word' id='word_1_297' title='bbox 910 1589 1094 1629; x_wconf 85' lang='lat' dir='ltr'><strong>Deputatio</strong></span> <span class='ocrx_word' id='word_1_298' title='bbox 1110 1589 1216 1620; x_wconf 90' lang='lat' dir='ltr'><strong>trium</strong></span> <span class='ocrx_word' id='word_1_299' title='bbox 1241 1589 1315 1620; x_wconf 89' lang='lat' dir='ltr'><strong>flor.</strong></span> <span class='ocrx_word' id='word_1_300' title='bbox 1333 1588 1407 1620; x_wconf 83' lang='lat' dir='ltr'><strong>auri</strong></span> <span class='ocrx_word' id='word_1_301' title='bbox 1433 1587 1554 1619; x_wconf 88' lang='lat' dir='ltr'><strong>diebus</strong></span> <span class='ocrx_word' id='word_1_302' title='bbox 1577 1588 1724 1628; x_wconf 86' lang='lat' dir='ltr'><strong>singulis</strong></span> <span class='ocrx_word' id='word_1_303' title='bbox 1741 1596 1801 1627; x_wconf 92' lang='lat' dir='ltr'><strong>pro</strong></span> <span class='ocrx_word' id='word_1_304' title='bbox 1821 1587 1947 1618; x_wconf 86' lang='lat' dir='ltr'><strong>salario</strong></span> <span class='ocrx_word' id='word_1_305' title='bbox 1975 1597 2054 1628; x_wconf 67' lang='lat' dir='ltr'><strong>may.</strong></span> <span class='ocrx_word' id='word_1_306' title='bbox 2079 1588 2175 1618; x_wconf 82' lang='lat' dir='ltr'><strong>Petro</strong></span> <span class='ocrx_word' id='word_1_307' title='bbox 2192 1587 2256 1617; x_wconf 83' lang='lat' dir='ltr'><strong>Du-</strong></span> 
     </span>
     <span class='ocr_line' id='line_1_38' title="bbox 649 1641 2254 1684; baseline -0.002 -10"><span class='ocrx_word' id='word_1_308' title='bbox 649 1643 754 1680; x_wconf 83' lang='lat' dir='ltr'><strong>randi,</strong></span> <span class='ocrx_word' id='word_1_309' title='bbox 769 1643 836 1674; x_wconf 91' lang='lat' dir='ltr'><strong>PP.</strong></span> <span class='ocrx_word' id='word_1_310' title='bbox 855 1653 938 1684; x_wconf 85' lang='lat' dir='ltr'><strong>cap.,</strong></span> <span class='ocrx_word' id='word_1_311' title='bbox 958 1653 1027 1673; x_wconf 86' lang='lat' dir='ltr'><strong>can.</strong></span> <span class='ocrx_word' id='word_1_312' title='bbox 1043 1642 1258 1680; x_wconf 67' lang='lat' dir='ltr'><strong>Ebredumm,</strong></span> <span class='ocrx_word' id='word_1_313' title='bbox 1279 1642 1312 1673; x_wconf 87' lang='lat' dir='ltr'><strong>S.</strong></span> <span class='ocrx_word' id='word_1_314' title='bbox 1331 1642 1372 1673; x_wconf 87' lang='lat' dir='ltr'><strong>A.</strong></span> <span class='ocrx_word' id='word_1_315' title='bbox 1389 1641 1512 1673; x_wconf 90' lang='lat' dir='ltr'><strong>nuncio</strong></span> <span class='ocrx_word' id='word_1_316' title='bbox 1532 1641 1574 1672; x_wconf 86' lang='lat' dir='ltr'><strong>ad</strong></span> <span class='ocrx_word' id='word_1_317' title='bbox 1592 1643 1706 1681; x_wconf 87' lang='lat' dir='ltr'><strong>partes</strong></span> <span class='ocrx_word' id='word_1_318' title='bbox 1723 1641 1911 1672; x_wconf 87' lang='lat' dir='ltr'><strong>Alamaniae</strong></span> <span class='ocrx_word' id='word_1_319' title='bbox 1927 1641 2108 1672; x_wconf 86' lang='lat' dir='ltr'><strong>destinato.</strong></span> <span class='ocrx_word' id='word_1_320' title='bbox 2126 1641 2179 1681; x_wconf 79' lang='lat' dir='ltr'><strong>(A.</strong></span> <span class='ocrx_word' id='word_1_321' title='bbox 2205 1643 2254 1679; x_wconf 89' lang='grc'><strong>14,</strong></span> 
     </span>
     <span class='ocr_line' id='line_1_39' title="bbox 650 1695 1681 1736; baseline -0.005 -7"><span class='ocrx_word' id='word_1_322' title='bbox 650 1698 673 1729; x_wconf 88' lang='lat' dir='ltr'><strong>f.</strong></span> <span class='ocrx_word' id='word_1_323' title='bbox 688 1699 747 1729; x_wconf 85' lang='lat'><strong>395</strong></span> <span class='ocrx_word' id='word_1_324' title='bbox 763 1697 796 1734; x_wconf 60' lang='grc' dir='ltr'><strong><em>ὓ,</em></strong></span> <span class='ocrx_word' id='word_1_325' title='bbox 822 1697 857 1728; x_wconf 89' lang='lat' dir='ltr'><strong>V.</strong></span> <span class='ocrx_word' id='word_1_326' title='bbox 877 1699 928 1734; x_wconf 85' lang='lat'><strong>71,</strong></span> <span class='ocrx_word' id='word_1_327' title='bbox 947 1705 999 1736; x_wconf 88' lang='lat' dir='ltr'><strong>ep.</strong></span> <span class='ocrx_word' id='word_1_328' title='bbox 1014 1698 1054 1727; x_wconf 72' lang='lat'><strong>32</strong></span> <span class='ocrx_word' id='word_1_329' title='bbox 1069 1696 1105 1727; x_wconf 83' lang='lat' dir='ltr'><strong>de</strong></span> <span class='ocrx_word' id='word_1_330' title='bbox 1119 1706 1202 1732; x_wconf 62' lang='grc' dir='ltr'><strong><em>σωκ,</em></strong></span> <span class='ocrx_word' id='word_1_331' title='bbox 1222 1696 1370 1732; x_wconf 89' lang='lat' dir='ltr'><strong>Riezler,</strong></span> <span class='ocrx_word' id='word_1_332' title='bbox 1393 1705 1443 1736; x_wconf 81' lang='lat' dir='ltr'><strong>op.</strong></span> <span class='ocrx_word' id='word_1_333' title='bbox 1462 1695 1528 1732; x_wconf 66' lang='lat' dir='ltr'><strong>cit„</strong></span> <span class='ocrx_word' id='word_1_334' title='bbox 1546 1704 1579 1726; x_wconf 90' lang='lat' dir='ltr'><strong>n.</strong></span> <span class='ocrx_word' id='word_1_335' title='bbox 1597 1697 1681 1732; x_wconf 75' lang='lat'><strong>215.)</strong></span> 
     </span>
    </p>

    <p class='ocr_par' dir='ltr' id='par_1_21' title="bbox 650 1747 2257 1897">
     <span class='ocr_line' id='line_1_40' title="bbox 694 1747 2257 1789; baseline 0 -10"><span class='ocrx_word' id='word_1_336' title='bbox 694 1750 706 1761; x_wconf 78' lang='lat'>⁸</span> <span class='ocrx_word' id='word_1_337' title='bbox 726 1747 861 1780; x_wconf 85' lang='grc'><strong><em>14133.</em></strong></span> <span class='ocrx_word' id='word_1_338' title='bbox 886 1768 918 1773; x_wconf 91' lang='lat'><strong>—-</strong></span> <span class='ocrx_word' id='word_1_339' title='bbox 947 1750 1130 1781; x_wconf 85' lang='lat' dir='ltr'><strong>Concessio</strong></span> <span class='ocrx_word' id='word_1_340' title='bbox 1158 1749 1309 1789; x_wconf 89' lang='lat' dir='ltr'><strong>plurium</strong></span> <span class='ocrx_word' id='word_1_341' title='bbox 1326 1751 1494 1781; x_wconf 85' lang='lat' dir='ltr'><strong>terrarum</strong></span> <span class='ocrx_word' id='word_1_342' title='bbox 1518 1757 1578 1788; x_wconf 92' lang='lat' dir='ltr'><strong>per</strong></span> <span class='ocrx_word' id='word_1_343' title='bbox 1593 1748 1793 1780; x_wconf 84' lang='lat' dir='ltr'><strong>Pontificem</strong></span> <span class='ocrx_word' id='word_1_344' title='bbox 1813 1750 2005 1788; x_wconf 83' lang='lat' dir='ltr'><strong>emptarum</strong></span> <span class='ocrx_word' id='word_1_345' title='bbox 2019 1748 2054 1778; x_wconf 89' lang='lat' dir='ltr'><strong>in</strong></span> <span class='ocrx_word' id='word_1_346' title='bbox 2071 1748 2257 1779; x_wconf 86' lang='lat' dir='ltr'><strong>territoriis</strong></span> 
     </span>
     <span class='ocr_line' id='line_1_41' title="bbox 650 1801 2255 1844; baseline -0.003 -8"><span class='ocrx_word' id='word_1_347' title='bbox 650 1804 858 1844; x_wconf 88' lang='lat' dir='ltr'><strong>Forojulien.</strong></span> <span class='ocrx_word' id='word_1_348' title='bbox 876 1805 909 1835; x_wconf 90' lang='lat' dir='ltr'><strong>et</strong></span> <span class='ocrx_word' id='word_1_349' title='bbox 925 1803 965 1835; x_wconf 88' lang='lat' dir='ltr'><strong>de</strong></span> <span class='ocrx_word' id='word_1_350' title='bbox 982 1803 1120 1843; x_wconf 85' lang='lat' dir='ltr'><strong>Pogeto,</strong></span> <span class='ocrx_word' id='word_1_351' title='bbox 1138 1803 1172 1834; x_wconf 90' lang='lat' dir='ltr'><strong>in</strong></span> <span class='ocrx_word' id='word_1_352' title='bbox 1187 1802 1300 1834; x_wconf 89' lang='lat' dir='ltr'><strong>dotem</strong></span> <span class='ocrx_word' id='word_1_353' title='bbox 1316 1802 1512 1842; x_wconf 78' lang='lat' dir='ltr'><strong>capellaniae</strong></span> <span class='ocrx_word' id='word_1_354' title='bbox 1536 1802 1570 1832; x_wconf 89' lang='lat' dir='ltr'><strong>in</strong></span> <span class='ocrx_word' id='word_1_355' title='bbox 1588 1802 1669 1833; x_wconf 88' lang='lat' dir='ltr'><strong>eccl.</strong></span> <span class='ocrx_word' id='word_1_356' title='bbox 1688 1802 1910 1841; x_wconf 86' lang='lat' dir='ltr'><strong>Forojulien.,</strong></span> <span class='ocrx_word' id='word_1_357' title='bbox 1930 1801 2012 1832; x_wconf 88' lang='lat' dir='ltr'><strong>olim</strong></span> <span class='ocrx_word' id='word_1_358' title='bbox 2026 1801 2100 1841; x_wconf 86' lang='lat' dir='ltr'><strong>ejus</strong></span> <span class='ocrx_word' id='word_1_359' title='bbox 2118 1810 2255 1841; x_wconf 86' lang='lat' dir='ltr'><strong>sponsa,</strong></span> 
     </span>
     <span class='ocr_line' id='line_1_42' title="bbox 651 1854 2257 1897; baseline -0.003 -8"><span class='ocrx_word' id='word_1_360' title='bbox 651 1857 715 1889; x_wconf 85' lang='lat' dir='ltr'><strong>sub</strong></span> <span class='ocrx_word' id='word_1_361' title='bbox 732 1857 963 1897; x_wconf 86' lang='lat' dir='ltr'><strong>apostolorum</strong></span> <span class='ocrx_word' id='word_1_362' title='bbox 979 1857 1146 1897; x_wconf 89' lang='lat' dir='ltr'><strong>principis</strong></span> <span class='ocrx_word' id='word_1_363' title='bbox 1162 1855 1326 1887; x_wconf 85' lang='lat' dir='ltr'><strong>vocabulo</strong></span> <span class='ocrx_word' id='word_1_364' title='bbox 1343 1856 1546 1887; x_wconf 81' lang='lat' dir='ltr'><strong>constitutae.</strong></span> <span class='ocrx_word' id='word_1_365' title='bbox 1558 1855 1611 1895; x_wconf 78' lang='lat' dir='ltr'><strong>(A.</strong></span> <span class='ocrx_word' id='word_1_366' title='bbox 1626 1857 1674 1890; x_wconf 75' lang='grc'><strong>14,</strong></span> <span class='ocrx_word' id='word_1_367' title='bbox 1695 1855 1719 1885; x_wconf 83' lang='lat' dir='ltr'><strong>f.</strong></span> <span class='ocrx_word' id='word_1_368' title='bbox 1735 1856 1795 1886; x_wconf 85' lang='grc'><strong>394</strong></span> <span class='ocrx_word' id='word_1_369' title='bbox 1810 1854 1844 1890; x_wconf 73' lang='lat'><strong>¹13</strong></span> <span class='ocrx_word' id='word_1_370' title='bbox 1868 1855 1903 1886; x_wconf 84' lang='lat' dir='ltr'><strong>V.</strong></span> <span class='ocrx_word' id='word_1_371' title='bbox 1921 1856 1972 1891; x_wconf 90' lang='grc'><strong>71,</strong></span> <span class='ocrx_word' id='word_1_372' title='bbox 1989 1863 2042 1894; x_wconf 90' lang='lat' dir='ltr'><strong>ep.</strong></span> <span class='ocrx_word' id='word_1_373' title='bbox 2061 1856 2110 1891; x_wconf 88' lang='grc'><strong>30,</strong></span> <span class='ocrx_word' id='word_1_374' title='bbox 2129 1854 2165 1885; x_wconf 86' lang='lat' dir='ltr'><strong>de</strong></span> <span class='ocrx_word' id='word_1_375' title='bbox 2179 1855 2257 1894; x_wconf 77' lang='lat' dir='ltr'><strong>cur.)</strong></span> 
     </span>
    </p>

    <p class='ocr_par' dir='ltr' id='par_1_22' title="bbox 650 1907 2257 2110">
     <span class='ocr_line' id='line_1_43' title="bbox 697 1907 2257 1947; baseline -0.001 -6"><span class='ocrx_word' id='word_1_376' title='bbox 697 1912 708 1921; x_wconf 83' lang='grc'><em>·</em></span> <span class='ocrx_word' id='word_1_377' title='bbox 728 1907 866 1941; x_wconf 84' lang='grc'><strong><em>14134.</em></strong></span> <span class='ocrx_word' id='word_1_378' title='bbox 884 1927 923 1933; x_wconf 92' lang='grc'>-</span> <span class='ocrx_word' id='word_1_379' title='bbox 941 1910 1142 1941; x_wconf 85' lang='lat' dir='ltr'><strong>Inseruntur</strong></span> <span class='ocrx_word' id='word_1_380' title='bbox 1162 1909 1285 1941; x_wconf 79' lang='lat' dir='ltr'><strong>litterae</strong></span> <span class='ocrx_word' id='word_1_381' title='bbox 1314 1909 1501 1940; x_wconf 87' lang='lat' dir='ltr'><strong>Clementis</strong></span> <span class='ocrx_word' id='word_1_382' title='bbox 1528 1909 1593 1939; x_wconf 87' lang='grc' dir='ltr'><strong><em>ΡΡ.</em></strong></span> <span class='ocrx_word' id='word_1_383' title='bbox 1614 1909 1642 1940; x_wconf 93' lang='lat' dir='ltr'>V</span> <span class='ocrx_word' id='word_1_384' title='bbox 1661 1908 1759 1946; x_wconf 82' lang='lat' dir='ltr'><strong>(datae</strong></span> <span class='ocrx_word' id='word_1_385' title='bbox 1783 1908 1851 1939; x_wconf 90' lang='lat' dir='ltr'><strong>kal.</strong></span> <span class='ocrx_word' id='word_1_386' title='bbox 1876 1908 1947 1939; x_wconf 88' lang='lat' dir='ltr'><strong>dec.</strong></span> <span class='ocrx_word' id='word_1_387' title='bbox 1965 1916 2052 1939; x_wconf 87' lang='lat' dir='ltr'><strong>anno</strong></span> <span class='ocrx_word' id='word_1_388' title='bbox 2071 1908 2180 1946; x_wconf 78' lang='lat' dir='ltr'>V1110)</span> <span class='ocrx_word' id='word_1_389' title='bbox 2196 1916 2257 1947; x_wconf 90' lang='lat' dir='ltr'><strong>per</strong></span> 
     </span>
     <span class='ocr_line' id='line_1_44' title="bbox 650 1961 2256 2004; baseline -0.002 -8"><span class='ocrx_word' id='word_1_390' title='bbox 650 1973 737 2004; x_wconf 87' lang='lat' dir='ltr'><strong>quas</strong></span> <span class='ocrx_word' id='word_1_391' title='bbox 761 1964 915 1996; x_wconf 89' lang='lat' dir='ltr'><strong>hortatur</strong></span> <span class='ocrx_word' id='word_1_392' title='bbox 933 1963 1143 2003; x_wconf 87' lang='lat' dir='ltr'><strong>archiep.um</strong></span> <span class='ocrx_word' id='word_1_393' title='bbox 1171 1963 1324 1994; x_wconf 90' lang='lat' dir='ltr'><strong>Lunden.</strong></span> <span class='ocrx_word' id='word_1_394' title='bbox 1353 1965 1386 1994; x_wconf 88' lang='lat' dir='ltr'><strong>et</strong></span> <span class='ocrx_word' id='word_1_395' title='bbox 1404 1962 1479 2002; x_wconf 88' lang='lat' dir='ltr'><strong>ejus</strong></span> <span class='ocrx_word' id='word_1_396' title='bbox 1508 1962 1740 2002; x_wconf 82' lang='lat' dir='ltr'><strong>suffraganeos</strong></span> <span class='ocrx_word' id='word_1_397' title='bbox 1759 1963 1796 1992; x_wconf 92' lang='lat' dir='ltr'><strong>ut</strong></span> <span class='ocrx_word' id='word_1_398' title='bbox 1813 1962 1980 1992; x_wconf 85' lang='lat' dir='ltr'><strong>decimam</strong></span> <span class='ocrx_word' id='word_1_399' title='bbox 2003 1961 2045 1992; x_wconf 86' lang='lat' dir='ltr'><strong>ad</strong></span> <span class='ocrx_word' id='word_1_400' title='bbox 2072 1970 2133 1992; x_wconf 89' lang='lat' dir='ltr'><strong>sex</strong></span> <span class='ocrx_word' id='word_1_401' title='bbox 2149 1970 2256 1992; x_wconf 87' lang='lat' dir='ltr'><strong>annos</strong></span> 
     </span>
     <span class='ocr_line' id='line_1_45' title="bbox 650 2014 2257 2058; baseline -0.002 -9"><span class='ocrx_word' id='word_1_402' title='bbox 650 2027 710 2058; x_wconf 92' lang='lat' dir='ltr'><strong>per</strong></span> <span class='ocrx_word' id='word_1_403' title='bbox 723 2018 850 2049; x_wconf 89' lang='lat' dir='ltr'><strong>dictum</strong></span> <span class='ocrx_word' id='word_1_404' title='bbox 871 2017 1066 2057; x_wconf 85' lang='lat' dir='ltr'><strong>pontificem</strong></span> <span class='ocrx_word' id='word_1_405' title='bbox 1082 2016 1116 2047; x_wconf 92' lang='lat' dir='ltr'><strong>in</strong></span> <span class='ocrx_word' id='word_1_406' title='bbox 1132 2016 1285 2048; x_wconf 88' lang='lat' dir='ltr'><strong>Concilio</strong></span> <span class='ocrx_word' id='word_1_407' title='bbox 1303 2016 1469 2047; x_wconf 90' lang='lat' dir='ltr'><strong>Viennen.</strong></span> <span class='ocrx_word' id='word_1_408' title='bbox 1487 2024 1546 2055; x_wconf 91' lang='lat' dir='ltr'><strong>per</strong></span> <span class='ocrx_word' id='word_1_409' title='bbox 1562 2016 1675 2055; x_wconf 86' lang='lat' dir='ltr'><strong>ipsum</strong></span> <span class='ocrx_word' id='word_1_410' title='bbox 1693 2017 1875 2046; x_wconf 89' lang='lat' dir='ltr'><strong>convocato</strong></span> <span class='ocrx_word' id='word_1_411' title='bbox 1893 2024 1953 2054; x_wconf 90' lang='lat' dir='ltr'><strong>pro</strong></span> <span class='ocrx_word' id='word_1_412' title='bbox 1973 2014 2128 2046; x_wconf 86' lang='lat' dir='ltr'><strong>subsidio</strong></span> <span class='ocrx_word' id='word_1_413' title='bbox 2145 2015 2257 2046; x_wconf 86' lang='lat' dir='ltr'><strong>Terrae</strong></span> 
     </span>
     <span class='ocr_line' id='line_1_46' title="bbox 651 2067 1983 2110; baseline -0.003 -8"><span class='ocrx_word' id='word_1_414' title='bbox 651 2071 781 2103; x_wconf 82' lang='lat' dir='ltr'><strong>Sanctae</strong></span> <span class='ocrx_word' id='word_1_415' title='bbox 796 2071 993 2110; x_wconf 83' lang='lat' dir='ltr'><strong>impositam</strong></span> <span class='ocrx_word' id='word_1_416' title='bbox 1007 2070 1215 2110; x_wconf 84' lang='lat' dir='ltr'><strong>persolvant.</strong></span> <span class='ocrx_word' id='word_1_417' title='bbox 1235 2069 1289 2110; x_wconf 88' lang='grc' dir='ltr'><strong>(Α.</strong></span> <span class='ocrx_word' id='word_1_418' title='bbox 1306 2071 1355 2106; x_wconf 85' lang='grc'><strong>14,</strong></span> <span class='ocrx_word' id='word_1_419' title='bbox 1376 2069 1399 2100; x_wconf 86' lang='lat' dir='ltr'><strong>f.</strong></span> <span class='ocrx_word' id='word_1_420' title='bbox 1417 2071 1476 2100; x_wconf 85' lang='grc'><strong><em>396</em></strong></span> <span class='ocrx_word' id='word_1_421' title='bbox 1492 2074 1527 2103; x_wconf 62' lang='grc' dir='ltr'><strong>ὃ;</strong></span> <span class='ocrx_word' id='word_1_422' title='bbox 1549 2068 1585 2100; x_wconf 89' lang='lat' dir='ltr'><strong>V.</strong></span> <span class='ocrx_word' id='word_1_423' title='bbox 1605 2070 1654 2105; x_wconf 84' lang='lat'><strong>71,</strong></span> <span class='ocrx_word' id='word_1_424' title='bbox 1674 2077 1727 2108; x_wconf 91' lang='lat' dir='ltr'><strong>ep.</strong></span> <span class='ocrx_word' id='word_1_425' title='bbox 1744 2070 1782 2099; x_wconf 87' lang='lat'><strong>33</strong></span> <span class='ocrx_word' id='word_1_426' title='bbox 1804 2068 1832 2099; x_wconf 83' lang='lat' dir='ltr'><strong>A</strong></span> <span class='ocrx_word' id='word_1_427' title='bbox 1851 2067 1888 2099; x_wconf 85' lang='lat' dir='ltr'><strong>de</strong></span> <span class='ocrx_word' id='word_1_428' title='bbox 1905 2069 1983 2106; x_wconf 85' lang='lat' dir='ltr'><strong>cur.)</strong></span> 
     </span>
    </p>

    <p class='ocr_par' dir='ltr' id='par_1_23' title="bbox 649 2121 2256 2270">
     <span class='ocr_line' id='line_1_47' title="bbox 694 2121 2256 2162; baseline -0.001 -9"><span class='ocrx_word' id='word_1_429' title='bbox 694 2124 706 2135; x_wconf 75' lang='grc'><em>“</em></span> <span class='ocrx_word' id='word_1_430' title='bbox 734 2121 870 2154; x_wconf 76' lang='grc'><strong><em>14135.</em></strong></span> <span class='ocrx_word' id='word_1_431' title='bbox 892 2141 931 2146; x_wconf 89' lang='grc'>-</span> <span class='ocrx_word' id='word_1_432' title='bbox 950 2124 1152 2155; x_wconf 89' lang='lat' dir='ltr'><strong>Inseruntur</strong></span> <span class='ocrx_word' id='word_1_433' title='bbox 1175 2123 1297 2154; x_wconf 77' lang='lat' dir='ltr'><strong>litterae</strong></span> <span class='ocrx_word' id='word_1_434' title='bbox 1313 2123 1501 2154; x_wconf 82' lang='lat' dir='ltr'><strong>Clementis</strong></span> <span class='ocrx_word' id='word_1_435' title='bbox 1518 2122 1584 2153; x_wconf 89' lang='grc' dir='ltr'><strong><em>ΡΡ.</em></strong></span> <span class='ocrx_word' id='word_1_436' title='bbox 1602 2123 1630 2153; x_wconf 94' lang='lat' dir='ltr'>V</span> <span class='ocrx_word' id='word_1_437' title='bbox 1647 2123 1698 2162; x_wconf 87' lang='lat' dir='ltr'><strong>(ut</strong></span> <span class='ocrx_word' id='word_1_438' title='bbox 1714 2131 1819 2161; x_wconf 87' lang='lat' dir='ltr'><strong>supra</strong></span> <span class='ocrx_word' id='word_1_439' title='bbox 1833 2122 1931 2161; x_wconf 81' lang='lat' dir='ltr'><strong>datae)</strong></span> <span class='ocrx_word' id='word_1_440' title='bbox 1951 2121 2044 2152; x_wconf 91' lang='lat' dir='ltr'><strong>univ.</strong></span> <span class='ocrx_word' id='word_1_441' title='bbox 2062 2121 2151 2159; x_wconf 60' lang='lat' dir='ltr'><strong>abb„</strong></span> <span class='ocrx_word' id='word_1_442' title='bbox 2167 2121 2256 2161; x_wconf 90' lang='lat' dir='ltr'><strong>prio·</strong></span> 
     </span>
     <span class='ocr_line' id='line_1_48' title="bbox 651 2175 2256 2217; baseline -0.002 -8"><span class='ocrx_word' id='word_1_443' title='bbox 651 2178 747 2209; x_wconf 90' lang='lat' dir='ltr'><strong>ribus</strong></span> <span class='ocrx_word' id='word_1_444' title='bbox 763 2179 796 2209; x_wconf 90' lang='lat' dir='ltr'><strong>et</strong></span> <span class='ocrx_word' id='word_1_445' title='bbox 812 2178 891 2209; x_wconf 86' lang='lat' dir='ltr'><strong>aliis</strong></span> <span class='ocrx_word' id='word_1_446' title='bbox 908 2186 998 2217; x_wconf 87' lang='lat' dir='ltr'><strong>pers.</strong></span> <span class='ocrx_word' id='word_1_447' title='bbox 1019 2177 1209 2209; x_wconf 82' lang='lat' dir='ltr'><strong>ecclesiast.</strong></span> <span class='ocrx_word' id='word_1_448' title='bbox 1226 2185 1286 2216; x_wconf 90' lang='lat' dir='ltr'><strong>per</strong></span> <span class='ocrx_word' id='word_1_449' title='bbox 1301 2176 1455 2208; x_wconf 87' lang='lat' dir='ltr'><strong>Lunden.</strong></span> <span class='ocrx_word' id='word_1_450' title='bbox 1474 2176 1580 2213; x_wconf 91' lang='lat' dir='ltr'><strong>civit.,</strong></span> <span class='ocrx_word' id='word_1_451' title='bbox 1599 2175 1645 2206; x_wconf 91' lang='lat' dir='ltr'><strong>di.</strong></span> <span class='ocrx_word' id='word_1_452' title='bbox 1665 2177 1697 2206; x_wconf 89' lang='lat' dir='ltr'><strong>et</strong></span> <span class='ocrx_word' id='word_1_453' title='bbox 1711 2175 1920 2214; x_wconf 90' lang='lat' dir='ltr'><strong>provinciam</strong></span> <span class='ocrx_word' id='word_1_454' title='bbox 1938 2175 2134 2206; x_wconf 87' lang='lat' dir='ltr'><strong>constitutis</strong></span> <span class='ocrx_word' id='word_1_455' title='bbox 2150 2175 2256 2206; x_wconf 90' lang='lat' dir='ltr'><strong>direc-</strong></span> 
     </span>
     <span class='ocr_line' id='line_1_49' title="bbox 649 2228 2119 2270; baseline -0.002 -8"><span class='ocrx_word' id='word_1_456' title='bbox 649 2233 763 2263; x_wconf 86' lang='lat' dir='ltr'><strong>tarum</strong></span> <span class='ocrx_word' id='word_1_457' title='bbox 786 2240 846 2270; x_wconf 92' lang='lat' dir='ltr'><strong>pro</strong></span> <span class='ocrx_word' id='word_1_458' title='bbox 862 2231 1032 2262; x_wconf 89' lang='lat' dir='ltr'><strong>solutione</strong></span> <span class='ocrx_word' id='word_1_459' title='bbox 1049 2231 1188 2262; x_wconf 79' lang='lat' dir='ltr'><strong>decimae</strong></span> <span class='ocrx_word' id='word_1_460' title='bbox 1206 2230 1366 2270; x_wconf 73' lang='lat' dir='ltr'><strong>praefutae.</strong></span> <span class='ocrx_word' id='word_1_461' title='bbox 1381 2230 1435 2270; x_wconf 89' lang='lat' dir='ltr'><strong>(A.</strong></span> <span class='ocrx_word' id='word_1_462' title='bbox 1455 2230 1503 2267; x_wconf 84' lang='grc'><strong>14,</strong></span> <span class='ocrx_word' id='word_1_463' title='bbox 1521 2229 1542 2260; x_wconf 81' lang='lat' dir='ltr'><strong>t&#39;.</strong></span> <span class='ocrx_word' id='word_1_464' title='bbox 1562 2230 1622 2260; x_wconf 87' lang='grc'><strong>398</strong></span> <span class='ocrx_word' id='word_1_465' title='bbox 1638 2234 1669 2265; x_wconf 76' lang='lat'><strong>³3</strong></span> <span class='ocrx_word' id='word_1_466' title='bbox 1695 2229 1730 2259; x_wconf 93' lang='lat' dir='ltr'><strong>V.</strong></span> <span class='ocrx_word' id='word_1_467' title='bbox 1749 2230 1799 2266; x_wconf 89' lang='grc'><strong>71,</strong></span> <span class='ocrx_word' id='word_1_468' title='bbox 1820 2237 1872 2268; x_wconf 91' lang='lat' dir='ltr'><strong>ep.</strong></span> <span class='ocrx_word' id='word_1_469' title='bbox 1889 2230 1928 2260; x_wconf 88' lang='lat'><strong>33</strong></span> <span class='ocrx_word' id='word_1_470' title='bbox 1942 2229 1970 2260; x_wconf 92' lang='lat' dir='ltr'>B</span> <span class='ocrx_word' id='word_1_471' title='bbox 1982 2228 2018 2258; x_wconf 83' lang='lat' dir='ltr'><strong>de</strong></span> <span class='ocrx_word' id='word_1_472' title='bbox 2035 2228 2119 2268; x_wconf 84' lang='lat' dir='ltr'><strong>cur.)</strong></span> 
     </span>
    </p>

    <p class='ocr_par' dir='ltr' id='par_1_24' title="bbox 650 2281 2258 2536">
     <span class='ocr_line' id='line_1_50' title="bbox 695 2281 2258 2324; baseline -0.001 -11"><span class='ocrx_word' id='word_1_473' title='bbox 695 2285 706 2296; x_wconf 87' lang='grc'>·</span> <span class='ocrx_word' id='word_1_474' title='bbox 730 2281 867 2314; x_wconf 85' lang='grc'><strong><em>14136.</em></strong></span> <span class='ocrx_word' id='word_1_475' title='bbox 884 2301 923 2306; x_wconf 95' lang='grc'>-</span> <span class='ocrx_word' id='word_1_476' title='bbox 938 2284 1144 2315; x_wconf 86' lang='lat' dir='ltr'><strong>Commissio</strong></span> <span class='ocrx_word' id='word_1_477' title='bbox 1161 2283 1342 2324; x_wconf 86' lang='lat' dir='ltr'><strong>legationis</strong></span> <span class='ocrx_word' id='word_1_478' title='bbox 1358 2291 1540 2323; x_wconf 84' lang='lat' dir='ltr'><strong>regnorum</strong></span> <span class='ocrx_word' id='word_1_479' title='bbox 1557 2282 1714 2314; x_wconf 82' lang='lat' dir='ltr'><strong>Castellae</strong></span> <span class='ocrx_word' id='word_1_480' title='bbox 1730 2284 1762 2313; x_wconf 91' lang='lat' dir='ltr'><strong>et</strong></span> <span class='ocrx_word' id='word_1_481' title='bbox 1787 2282 1949 2322; x_wconf 85' lang='lat' dir='ltr'><strong>Legionis</strong></span> <span class='ocrx_word' id='word_1_482' title='bbox 1965 2282 2179 2322; x_wconf 87' lang='lat' dir='ltr'><strong>aliarumque</strong></span> <span class='ocrx_word' id='word_1_483' title='bbox 2194 2284 2258 2313; x_wconf 88' lang='lat' dir='ltr'><strong>ter—</strong></span> 
     </span>
     <span class='ocr_line' id='line_1_51' title="bbox 651 2335 2257 2378; baseline -0.002 -9"><span class='ocrx_word' id='word_1_484' title='bbox 651 2346 767 2369; x_wconf 82' lang='lat' dir='ltr'><strong>rarum</strong></span> <span class='ocrx_word' id='word_1_485' title='bbox 782 2338 854 2378; x_wconf 88' lang='lat' dir='ltr'><strong>regi</strong></span> <span class='ocrx_word' id='word_1_486' title='bbox 871 2337 1026 2369; x_wconf 78' lang='lat' dir='ltr'><strong>Castellae</strong></span> <span class='ocrx_word' id='word_1_487' title='bbox 1041 2337 1271 2375; x_wconf 85' lang='lat' dir='ltr'><strong>subjectarum</strong></span> <span class='ocrx_word' id='word_1_488' title='bbox 1295 2335 1458 2368; x_wconf 85' lang='lat' dir='ltr'><strong>Guillelmo</strong></span> <span class='ocrx_word' id='word_1_489' title='bbox 1475 2345 1546 2377; x_wconf 65' lang='lat' dir='ltr'><strong>epo</strong></span> <span class='ocrx_word' id='word_1_490' title='bbox 1564 2335 1726 2372; x_wconf 59' lang='lat' dir='ltr'><strong>Sabinen„</strong></span> <span class='ocrx_word' id='word_1_491' title='bbox 1743 2335 1840 2375; x_wconf 79' lang='lat' dir='ltr'><strong>cujus</strong></span> <span class='ocrx_word' id='word_1_492' title='bbox 1858 2335 2025 2375; x_wconf 86' lang='lat' dir='ltr'><strong>praeconia</strong></span> <span class='ocrx_word' id='word_1_493' title='bbox 2041 2335 2181 2366; x_wconf 88' lang='lat' dir='ltr'><strong>laudum</strong></span> <span class='ocrx_word' id='word_1_494' title='bbox 2197 2344 2257 2375; x_wconf 80' lang='lat' dir='ltr'><strong>per</strong></span> 
     </span>
     <span class='ocr_line' id='line_1_52' title="bbox 650 2389 2256 2428; baseline -0.002 -6"><span class='ocrx_word' id='word_1_495' title='bbox 650 2391 718 2422; x_wconf 89' lang='grc' dir='ltr'><strong><em>ΡΡ.</em></strong></span> <span class='ocrx_word' id='word_1_496' title='bbox 734 2391 844 2422; x_wconf 81' lang='lat' dir='ltr'><strong>fusius</strong></span> <span class='ocrx_word' id='word_1_497' title='bbox 859 2393 1060 2422; x_wconf 84' lang='lat' dir='ltr'><strong>enarrantur</strong></span> <span class='ocrx_word' id='word_1_498' title='bbox 1075 2392 1107 2422; x_wconf 84' lang='lat' dir='ltr'><strong>et</strong></span> <span class='ocrx_word' id='word_1_499' title='bbox 1121 2390 1265 2421; x_wconf 86' lang='lat' dir='ltr'><strong>dolenda</strong></span> <span class='ocrx_word' id='word_1_500' title='bbox 1280 2390 1466 2421; x_wconf 89' lang='lat' dir='ltr'><strong>necessitas</strong></span> <span class='ocrx_word' id='word_1_501' title='bbox 1483 2398 1520 2420; x_wconf 86' lang='lat' dir='ltr'><strong>ac</strong></span> <span class='ocrx_word' id='word_1_502' title='bbox 1534 2389 1728 2420; x_wconf 83' lang='lat' dir='ltr'><strong>miserenda</strong></span> <span class='ocrx_word' id='word_1_503' title='bbox 1743 2389 1891 2420; x_wconf 88' lang='lat' dir='ltr'><strong>conditio</strong></span> <span class='ocrx_word' id='word_1_504' title='bbox 1905 2389 2124 2428; x_wconf 82' lang='lat' dir='ltr'><strong>praet&#39;atorum</strong></span> <span class='ocrx_word' id='word_1_505' title='bbox 2140 2397 2256 2428; x_wconf 86' lang='lat' dir='ltr'><strong>regno-</strong></span> 
     </span>
     <span class='ocr_line' id='line_1_53' title="bbox 651 2441 2258 2483; baseline -0.002 -8"><span class='ocrx_word' id='word_1_506' title='bbox 651 2453 728 2475; x_wconf 89' lang='lat' dir='ltr'><strong>rum</strong></span> <span class='ocrx_word' id='word_1_507' title='bbox 742 2444 972 2483; x_wconf 85' lang='lat' dir='ltr'><strong>deplorantur.</strong></span> <span class='ocrx_word' id='word_1_508' title='bbox 990 2443 1043 2482; x_wconf 84' lang='lat' dir='ltr'><strong>(A.</strong></span> <span class='ocrx_word' id='word_1_509' title='bbox 1061 2445 1110 2478; x_wconf 84' lang='lat'><strong>14,</strong></span> <span class='ocrx_word' id='word_1_510' title='bbox 1129 2443 1151 2474; x_wconf 89' lang='lat' dir='ltr'><strong>f.</strong></span> <span class='ocrx_word' id='word_1_511' title='bbox 1167 2445 1226 2475; x_wconf 82' lang='grc'><strong>467</strong></span> <span class='ocrx_word' id='word_1_512' title='bbox 1244 2449 1276 2479; x_wconf 74' lang='lat'><strong>³;</strong></span> <span class='ocrx_word' id='word_1_513' title='bbox 1299 2442 1332 2473; x_wconf 90' lang='lat' dir='ltr'><strong>V.</strong></span> <span class='ocrx_word' id='word_1_514' title='bbox 1352 2445 1401 2479; x_wconf 85' lang='grc'><strong>71,</strong></span> <span class='ocrx_word' id='word_1_515' title='bbox 1419 2451 1470 2482; x_wconf 92' lang='lat' dir='ltr'><strong>ep.</strong></span> <span class='ocrx_word' id='word_1_516' title='bbox 1490 2445 1529 2474; x_wconf 87' lang='grc'><strong>34</strong></span> <span class='ocrx_word' id='word_1_517' title='bbox 1546 2442 1583 2472; x_wconf 85' lang='lat' dir='ltr'><strong>de</strong></span> <span class='ocrx_word' id='word_1_518' title='bbox 1600 2452 1665 2472; x_wconf 80' lang='lat' dir='ltr'><strong>cur.</strong></span> <span class='ocrx_word' id='word_1_519' title='bbox 1681 2452 1687 2477; x_wconf 84' lang='lat'>;</span> <span class='ocrx_word' id='word_1_520' title='bbox 1709 2442 1889 2481; x_wconf 76' lang='lat' dir='ltr'><strong>Raynaldi,</strong></span> <span class='ocrx_word' id='word_1_521' title='bbox 1907 2441 2044 2472; x_wconf 83' lang='lat' dir='ltr'><strong>Annales</strong></span> <span class='ocrx_word' id='word_1_522' title='bbox 2063 2441 2258 2472; x_wconf 74' lang='lat' dir='ltr'><strong>ecclesiastici</strong></span> 
     </span>
     <span class='ocr_line' id='line_1_54' title="bbox 652 2496 1153 2536; baseline 0 -8"><span class='ocrx_word' id='word_1_523' title='bbox 652 2497 693 2528; x_wconf 87' lang='lat' dir='ltr'><strong>ad</strong></span> <span class='ocrx_word' id='word_1_524' title='bbox 710 2505 837 2528; x_wconf 89' lang='lat' dir='ltr'><strong>annum</strong></span> <span class='ocrx_word' id='word_1_525' title='bbox 855 2498 945 2534; x_wconf 80' lang='grc'><strong><em>1320,</em></strong></span> <span class='ocrx_word' id='word_1_526' title='bbox 963 2496 977 2532; x_wconf 69' lang='grc' dir='ltr'>ἓ</span> <span class='ocrx_word' id='word_1_527' title='bbox 993 2496 1153 2536; x_wconf 89' lang='lat' dir='ltr'>XXXV.)</span> 
     </span>
    </p>

    <p class='ocr_par' dir='ltr' id='par_1_25' title="bbox 651 2547 2258 2643">
     <span class='ocr_line' id='line_1_55' title="bbox 699 2547 2258 2590; baseline 0 -12"><span class='ocrx_word' id='word_1_528' title='bbox 699 2547 835 2579; x_wconf 80' lang='grc'><strong><em>14137.</em></strong></span> <span class='ocrx_word' id='word_1_529' title='bbox 849 2568 886 2574; x_wconf 90' lang='lat'><strong>·-</strong></span> <span class='ocrx_word' id='word_1_530' title='bbox 903 2549 1016 2581; x_wconf 84' lang='lat' dir='ltr'><strong>Mand.</strong></span> <span class='ocrx_word' id='word_1_531' title='bbox 1034 2549 1170 2586; x_wconf 80' lang='lat' dir='ltr'><strong>ducibus,</strong></span> <span class='ocrx_word' id='word_1_532' title='bbox 1195 2549 1388 2590; x_wconf 74' lang='lat' dir='ltr'><strong>principibus</strong></span> <span class='ocrx_word' id='word_1_533' title='bbox 1415 2554 1473 2579; x_wconf 83' lang='lat' dir='ltr'><strong>etc.</strong></span> <span class='ocrx_word' id='word_1_534' title='bbox 1495 2553 1524 2579; x_wconf 81' lang='lat' dir='ltr'><strong>et</strong></span> <span class='ocrx_word' id='word_1_535' title='bbox 1546 2548 1682 2589; x_wconf 80' lang='lat' dir='ltr'><strong>populis,</strong></span> <span class='ocrx_word' id='word_1_536' title='bbox 1707 2557 1767 2588; x_wconf 82' lang='lat' dir='ltr'><strong>per</strong></span> <span class='ocrx_word' id='word_1_537' title='bbox 1787 2547 1926 2579; x_wconf 73' lang='lat' dir='ltr'><strong>Castellae</strong></span> <span class='ocrx_word' id='word_1_538' title='bbox 1952 2558 1987 2578; x_wconf 86' lang='lat' dir='ltr'><strong>ac</strong></span> <span class='ocrx_word' id='word_1_539' title='bbox 2002 2548 2147 2588; x_wconf 78' lang='lat' dir='ltr'><strong>Leqionis</strong></span> <span class='ocrx_word' id='word_1_540' title='bbox 2163 2558 2258 2588; x_wconf 71' lang='lat' dir='ltr'><strong>reqna</strong></span> 
     </span>
     <span class='ocr_line' id='line_1_56' title="bbox 651 2601 2142 2643; baseline -0.003 -9"><span class='ocrx_word' id='word_1_541' title='bbox 651 2604 825 2634; x_wconf 78' lang='lat' dir='ltr'><strong>constitutis</strong></span> <span class='ocrx_word' id='word_1_542' title='bbox 840 2611 900 2643; x_wconf 91' lang='lat' dir='ltr'><strong>pro</strong></span> <span class='ocrx_word' id='word_1_543' title='bbox 916 2603 1108 2642; x_wconf 86' lang='lat' dir='ltr'><strong>receptione</strong></span> <span class='ocrx_word' id='word_1_544' title='bbox 1124 2602 1286 2634; x_wconf 74' lang='lat' dir='ltr'><strong>modecti</strong></span> <span class='ocrx_word' id='word_1_545' title='bbox 1307 2602 1424 2642; x_wconf 82' lang='lat' dir='ltr'><strong>legati.</strong></span> <span class='ocrx_word' id='word_1_546' title='bbox 1440 2603 1495 2642; x_wconf 88' lang='lat' dir='ltr'><strong>(A.</strong></span> <span class='ocrx_word' id='word_1_547' title='bbox 1523 2604 1572 2638; x_wconf 89' lang='grc'><strong>14,</strong></span> <span class='ocrx_word' id='word_1_548' title='bbox 1592 2601 1613 2631; x_wconf 84' lang='lat' dir='ltr'><strong>f.</strong></span> <span class='ocrx_word' id='word_1_549' title='bbox 1629 2603 1690 2633; x_wconf 78' lang='grc'><strong><em>468</em></strong></span> <span class='ocrx_word' id='word_1_550' title='bbox 1707 2607 1738 2638; x_wconf 76' lang='lat'><strong>²3</strong></span> <span class='ocrx_word' id='word_1_551' title='bbox 1765 2601 1801 2632; x_wconf 93' lang='lat' dir='ltr'><strong>V.</strong></span> <span class='ocrx_word' id='word_1_552' title='bbox 1822 2603 1870 2638; x_wconf 83' lang='lat'><strong>71,</strong></span> <span class='ocrx_word' id='word_1_553' title='bbox 1889 2610 1941 2641; x_wconf 90' lang='lat' dir='ltr'><strong>ep.</strong></span> <span class='ocrx_word' id='word_1_554' title='bbox 1958 2602 1997 2632; x_wconf 87' lang='grc'><strong>34</strong></span> <span class='ocrx_word' id='word_1_555' title='bbox 2012 2601 2048 2631; x_wconf 84' lang='lat' dir='ltr'><strong>de</strong></span> <span class='ocrx_word' id='word_1_556' title='bbox 2061 2603 2142 2639; x_wconf 83' lang='lat' dir='ltr'><strong>cur.)</strong></span> 
     </span>
    </p>

    <p class='ocr_par' dir='ltr' id='par_1_26' title="bbox 650 2654 2259 2752">
     <span class='ocr_line' id='line_1_57' title="bbox 698 2654 2259 2696; baseline -0.001 -10"><span class='ocrx_word' id='word_1_557' title='bbox 698 2654 833 2686; x_wconf 77' lang='grc'><strong><em>14138.</em></strong></span> <span class='ocrx_word' id='word_1_558' title='bbox 852 2674 889 2679; x_wconf 93' lang='grc'>-</span> <span class='ocrx_word' id='word_1_559' title='bbox 904 2656 1016 2688; x_wconf 88' lang='lat' dir='ltr'><strong>Mand.</strong></span> <span class='ocrx_word' id='word_1_560' title='bbox 1045 2656 1086 2687; x_wconf 83' lang='lat' dir='ltr'><strong>de</strong></span> <span class='ocrx_word' id='word_1_561' title='bbox 1113 2656 1186 2687; x_wconf 86' lang='lat' dir='ltr'><strong>eod.</strong></span> <span class='ocrx_word' id='word_1_562' title='bbox 1207 2655 1290 2687; x_wconf 83' lang='lat' dir='ltr'><strong>unio.</strong></span> <span class='ocrx_word' id='word_1_563' title='bbox 1318 2655 1485 2696; x_wconf 75' lang='lat' dir='ltr'><strong>archiep.is</strong></span> <span class='ocrx_word' id='word_1_564' title='bbox 1509 2659 1536 2685; x_wconf 79' lang='lat' dir='ltr'><strong>et</strong></span> <span class='ocrx_word' id='word_1_565' title='bbox 1554 2655 1631 2695; x_wconf 77' lang='lat' dir='ltr'><strong>ep.is</strong></span> <span class='ocrx_word' id='word_1_566' title='bbox 1646 2659 1702 2684; x_wconf 77' lang='lat' dir='ltr'><strong>etc.</strong></span> <span class='ocrx_word' id='word_1_567' title='bbox 1721 2654 1893 2694; x_wconf 79' lang='lat' dir='ltr'><strong>caeterisque</strong></span> <span class='ocrx_word' id='word_1_568' title='bbox 1915 2663 1998 2694; x_wconf 70' lang='lat' dir='ltr'><strong>perr.</strong></span> <span class='ocrx_word' id='word_1_569' title='bbox 2023 2654 2187 2686; x_wconf 75' lang='lat' dir='ltr'><strong>ecclesiast.</strong></span> <span class='ocrx_word' id='word_1_570' title='bbox 2202 2664 2259 2694; x_wconf 80' lang='lat' dir='ltr'><strong>per</strong></span> 
     </span>
     <span class='ocr_line' id='line_1_58' title="bbox 650 2708 1285 2752; baseline -0.005 -11"><span class='ocrx_word' id='word_1_571' title='bbox 650 2710 800 2752; x_wconf 67' lang='lat' dir='ltr'><strong>praedicta</strong></span> <span class='ocrx_word' id='word_1_572' title='bbox 814 2720 909 2750; x_wconf 73' lang='lat' dir='ltr'><strong>reqna</strong></span> <span class='ocrx_word' id='word_1_573' title='bbox 927 2710 1111 2740; x_wconf 77' lang='lat' dir='ltr'><strong>constitutis.</strong></span> <span class='ocrx_word' id='word_1_574' title='bbox 1130 2708 1285 2748; x_wconf 79' lang='lat' dir='ltr'><strong>(Ibidem.)</strong></span> 
     </span>
    </p>

    <p class='ocr_par' dir='ltr' id='par_1_27' title="bbox 652 2761 2258 2966">
     <span class='ocr_line' id='line_1_59' title="bbox 699 2761 2256 2803; baseline -0.001 -9"><span class='ocrx_word' id='word_1_575' title='bbox 699 2761 833 2794; x_wconf 83' lang='grc'><strong><em>14139.</em></strong></span> <span class='ocrx_word' id='word_1_576' title='bbox 853 2780 892 2786; x_wconf 93' lang='grc'>-</span> <span class='ocrx_word' id='word_1_577' title='bbox 907 2763 1022 2795; x_wconf 84' lang='lat' dir='ltr'><strong>Facul.</strong></span> <span class='ocrx_word' id='word_1_578' title='bbox 1042 2762 1203 2794; x_wconf 79' lang='lat' dir='ltr'><strong>Guillelmo</strong></span> <span class='ocrx_word' id='word_1_579' title='bbox 1218 2772 1287 2803; x_wconf 84' lang='lat' dir='ltr'><strong>ep.o</strong></span> <span class='ocrx_word' id='word_1_580' title='bbox 1306 2761 1456 2793; x_wconf 79' lang='lat' dir='ltr'><strong>Sabinen.</strong></span> <span class='ocrx_word' id='word_1_581' title='bbox 1471 2770 1632 2793; x_wconf 87' lang='lat' dir='ltr'><strong>concessa</strong></span> <span class='ocrx_word' id='word_1_582' title='bbox 1648 2761 1843 2801; x_wconf 87' lang='lat' dir='ltr'><strong>inquirendi</strong></span> <span class='ocrx_word' id='word_1_583' title='bbox 1861 2762 1977 2792; x_wconf 85' lang='lat' dir='ltr'><strong>contra</strong></span> <span class='ocrx_word' id='word_1_584' title='bbox 1992 2761 2168 2792; x_wconf 80' lang='lat' dir='ltr'><strong>haereticos</strong></span> <span class='ocrx_word' id='word_1_585' title='bbox 2183 2769 2256 2792; x_wconf 90' lang='lat' dir='ltr'><strong>eos-</strong></span> 
     </span>
     <span class='ocr_line' id='line_1_60' title="bbox 653 2814 2257 2858; baseline -0.002 -9"><span class='ocrx_word' id='word_1_586' title='bbox 653 2827 718 2858; x_wconf 91' lang='lat' dir='ltr'><strong>que</strong></span> <span class='ocrx_word' id='word_1_587' title='bbox 736 2817 901 2857; x_wconf 90' lang='lat' dir='ltr'><strong>puniendi</strong></span> <span class='ocrx_word' id='word_1_588' title='bbox 913 2817 1012 2856; x_wconf 76' lang='lat' dir='ltr'><strong>Juxta</strong></span> <span class='ocrx_word' id='word_1_589' title='bbox 1023 2816 1284 2848; x_wconf 87' lang='lat' dir='ltr'><strong>constitutiones</strong></span> <span class='ocrx_word' id='word_1_590' title='bbox 1298 2815 1477 2847; x_wconf 86' lang='lat' dir='ltr'><strong>canonicas</strong></span> <span class='ocrx_word' id='word_1_591' title='bbox 1494 2816 1526 2846; x_wconf 90' lang='lat' dir='ltr'><strong>et</strong></span> <span class='ocrx_word' id='word_1_592' title='bbox 1542 2815 1672 2851; x_wconf 77' lang='lat' dir='ltr'><strong>civiles,</strong></span> <span class='ocrx_word' id='word_1_593' title='bbox 1691 2823 1727 2845; x_wconf 87' lang='lat' dir='ltr'><strong>ac</strong></span> <span class='ocrx_word' id='word_1_594' title='bbox 1745 2814 1939 2854; x_wconf 87' lang='lat' dir='ltr'><strong>specialiter</strong></span> <span class='ocrx_word' id='word_1_595' title='bbox 1955 2814 2141 2845; x_wconf 87' lang='lat' dir='ltr'><strong>secundum</strong></span> <span class='ocrx_word' id='word_1_596' title='bbox 2160 2822 2257 2845; x_wconf 88' lang='lat' dir='ltr'><strong>cons-</strong></span> 
     </span>
     <span class='ocr_line' id='line_1_61' title="bbox 652 2867 2258 2910; baseline -0.002 -8"><span class='ocrx_word' id='word_1_597' title='bbox 652 2871 830 2903; x_wconf 86' lang='lat' dir='ltr'><strong>titutiones</strong></span> <span class='ocrx_word' id='word_1_598' title='bbox 849 2879 868 2902; x_wconf 87' lang='lat' dir='ltr'><strong>a</strong></span> <span class='ocrx_word' id='word_1_599' title='bbox 885 2870 1010 2910; x_wconf 89' lang='lat' dir='ltr'><strong>quond.</strong></span> <span class='ocrx_word' id='word_1_600' title='bbox 1025 2869 1206 2901; x_wconf 89' lang='lat' dir='ltr'><strong>Frederico</strong></span> <span class='ocrx_word' id='word_1_601' title='bbox 1223 2870 1378 2901; x_wconf 86' lang='lat' dir='ltr'><strong>Romano</strong></span> <span class='ocrx_word' id='word_1_602' title='bbox 1395 2869 1602 2908; x_wconf 85' lang='lat' dir='ltr'><strong>Imperatore</strong></span> <span class='ocrx_word' id='word_1_603' title='bbox 1618 2867 1728 2898; x_wconf 87' lang='lat' dir='ltr'><strong>editas</strong></span> <span class='ocrx_word' id='word_1_604' title='bbox 1749 2867 1830 2898; x_wconf 86' lang='lat' dir='ltr'><strong>dum</strong></span> <span class='ocrx_word' id='word_1_605' title='bbox 1851 2867 1958 2899; x_wconf 88' lang='lat' dir='ltr'><strong>adhuc</strong></span> <span class='ocrx_word' id='word_1_606' title='bbox 1981 2867 2016 2898; x_wconf 89' lang='lat' dir='ltr'><strong>in</strong></span> <span class='ocrx_word' id='word_1_607' title='bbox 2032 2867 2140 2907; x_wconf 81' lang='lat' dir='ltr'><strong>ejusd.</strong></span> <span class='ocrx_word' id='word_1_608' title='bbox 2158 2867 2258 2899; x_wconf 90' lang='lat' dir='ltr'><strong>Sedis</strong></span> 
     </span>
     <span class='ocr_line' id='line_1_62' title="bbox 653 2919 1700 2966; baseline -0.006 -10"><span class='ocrx_word' id='word_1_609' title='bbox 653 2925 762 2966; x_wconf 86' lang='lat' dir='ltr'><strong>gratia</strong></span> <span class='ocrx_word' id='word_1_610' title='bbox 778 2923 988 2964; x_wconf 86' lang='lat' dir='ltr'><strong>persisteret.</strong></span> <span class='ocrx_word' id='word_1_611' title='bbox 1008 2923 1058 2962; x_wconf 85' lang='lat' dir='ltr'><strong>(A.</strong></span> <span class='ocrx_word' id='word_1_612' title='bbox 1078 2924 1127 2960; x_wconf 81' lang='grc'><strong>14,</strong></span> <span class='ocrx_word' id='word_1_613' title='bbox 1147 2922 1171 2953; x_wconf 84' lang='lat' dir='ltr'><strong>f.</strong></span> <span class='ocrx_word' id='word_1_614' title='bbox 1187 2924 1246 2954; x_wconf 86' lang='grc'><strong>473</strong></span> <span class='ocrx_word' id='word_1_615' title='bbox 1262 2927 1295 2959; x_wconf 78' lang='lat'><strong>⁸3</strong></span> <span class='ocrx_word' id='word_1_616' title='bbox 1317 2921 1352 2953; x_wconf 87' lang='lat' dir='ltr'><strong>V.</strong></span> <span class='ocrx_word' id='word_1_617' title='bbox 1380 2923 1430 2957; x_wconf 89' lang='grc'><strong>71,</strong></span> <span class='ocrx_word' id='word_1_618' title='bbox 1449 2930 1501 2961; x_wconf 91' lang='lat' dir='ltr'><strong>ep.</strong></span> <span class='ocrx_word' id='word_1_619' title='bbox 1517 2922 1556 2952; x_wconf 85' lang='lat'><strong>35</strong></span> <span class='ocrx_word' id='word_1_620' title='bbox 1571 2919 1607 2951; x_wconf 81' lang='lat' dir='ltr'><strong>de</strong></span> <span class='ocrx_word' id='word_1_621' title='bbox 1622 2924 1700 2959; x_wconf 80' lang='lat' dir='ltr'><strong>cur.)</strong></span> 
     </span>
    </p>

    <p class='ocr_par' dir='ltr' id='par_1_28' title="bbox 699 2973 2256 3016">
     <span class='ocr_line' id='line_1_63' title="bbox 699 2973 2256 3016; baseline -0.003 -7"><span class='ocrx_word' id='word_1_622' title='bbox 699 2974 834 3009; x_wconf 82' lang='grc'><strong><em>14140.</em></strong></span> <span class='ocrx_word' id='word_1_623' title='bbox 853 2994 891 2999; x_wconf 91' lang='grc'>-</span> <span class='ocrx_word' id='word_1_624' title='bbox 903 2977 1019 3009; x_wconf 87' lang='lat' dir='ltr'><strong>Facul.</strong></span> <span class='ocrx_word' id='word_1_625' title='bbox 1038 2975 1132 3007; x_wconf 87' lang='lat' dir='ltr'><strong>eidem</strong></span> <span class='ocrx_word' id='word_1_626' title='bbox 1160 2975 1259 3016; x_wconf 62' lang='lat' dir='ltr'><strong>legato</strong></span> <span class='ocrx_word' id='word_1_627' title='bbox 1275 2983 1436 3006; x_wconf 86' lang='lat' dir='ltr'><strong>concessa</strong></span> <span class='ocrx_word' id='word_1_628' title='bbox 1452 2974 1672 3015; x_wconf 85' lang='lat' dir='ltr'><strong>dispensandi</strong></span> <span class='ocrx_word' id='word_1_629' title='bbox 1689 2982 1763 3005; x_wconf 84' lang='lat' dir='ltr'><strong>cum</strong></span> <span class='ocrx_word' id='word_1_630' title='bbox 1789 2973 1910 3013; x_wconf 88' lang='lat' dir='ltr'><strong>viginti</strong></span> <span class='ocrx_word' id='word_1_631' title='bbox 1925 2973 2005 3005; x_wconf 90' lang='lat' dir='ltr'><strong>cler.</strong></span> <span class='ocrx_word' id='word_1_632' title='bbox 2032 2982 2102 3005; x_wconf 83' lang='lat' dir='ltr'><strong>suae</strong></span> <span class='ocrx_word' id='word_1_633' title='bbox 2119 2973 2256 3013; x_wconf 85' lang='lat' dir='ltr'><strong>legatio-</strong></span> 
     </span>
    </p>
   </div>
  </div>
 </body>
</html>
