2566 3562
307 304 367 335 3⁴4

336 391 438 418 nutum
465 383 649 419 Avenione.

340 494 354 519 Ι
371 491 430 526 (kal
446 493 454 525 )
470 494 540 526 sept.
560 489 648 518 1321.

384 535 386 537 ’
436 536 466 563 Τ.
490 535 548 562 XII.

453 597 487 625 Ut
508 605 532 625 ε.

437 642 467 669 Τ.
489 641 545 669 XX.

448 809 484 837 Ut
509 818 533 837 s.

436 855 467 882 T.
488 854 546 882 XX.

452 917 487 945 Ut
503 925 527 944 s.

439 962 470 989 T.
491 961 547 989 XL.

451 1023 489 1051 Ut
504 1031 528 1051 s.

435 1068 466 1095 T.
485 1067 542 1096 XL.

451 1130 488 1157 Ut
505 1137 529 1157 s.

426 1174 457 1201 T.
478 1173 549 1201 XVI.

451 1343 486 1370 Ut
503 1351 527 1370 s.

431 1388 463 1415 T.
480 1387 553 1414 XIV.

447 1449 482 1477 Ut
503 1458 526 1477 s.

425 1494 455 1520 T.
477 1494 548 1520 XIV.

448 1556 483 1583 L't
499 1565 522 1583 s.

431 1601 461 1628 T.
479 1601 536 1628 Xll.

448 1824 483 1851 Ut
500 1833 523 1851 s.

424 1869 455 1895 T.
477 1869 546 1896 XVI.

450 2090 484 2117 Ut
499 2099 522 2117 s.

433 2134 463 2161 T.
482 2134 537 2161 XL.

446 2250 480 2277 Ut
501 2259 524 2277 s.

424 2294 453 2320 T.
476 2295 548 2322 XVI.

443 2569 477 2596 Ut
498 2578 521 2598 S.

429 2613 458 2640 T.
475 2613 531 2641 XL.

439 2728 473 2756 Ut
493 2738 516 2756 s.

427 2774 456 2800 T.
474 2774 530 2802 XL.

708 299 882 331 JOANNIS
906 299 1024 330 PAPAE
1046 299 1148 330 XXII.
1173 300 1423 339 (1816-1384).
1445 317 1485 346 ἡ
1508 299 1695 331 LITTERAE
1717 299 1943 333 COMMUNES

705 397 709 523 Ι

782 486 919 520 14014.
938 507 977 512 -
1001 487 1162 520 Guillelmo
1176 499 1248 530 ep.o
1262 489 1424 528 Sabinen„
1447 491 1486 522 A.
1505 490 1539 522 S.
1556 490 1680 531 legato,
1697 489 1810 522 mand.
1829 491 1866 522 ut
1883 498 1999 530 ep.um
2013 492 2046 524 et
2066 491 2167 533 capit.
2183 491 2343 532 prefatos

734 543 777 574 ad
791 542 963 582 praedicta.
979 542 1207 583 appellatione
1224 544 1367 580 remota,
1384 543 1578 583 compellat.
1593 542 1649 584 (A.
1668 544 1717 580 15,
1735 543 1758 574 f.
1773 544 1834 575 ⁴53
1847 548 1881 581 *ς
1907 543 1941 575 V.
1966 545 2016 582 71,
2035 552 2089 584 ep.
2105 545 2166 577 499
2181 532 2238 584 Ε.)

781 593 920 626 14045.
938 613 977 619 -
996 595 1120 627 Indult.
1138 605 1168 626 n.
1185 605 1214 626 v.
1236 595 1352 627 Joanni
1363 595 1430 637 filio
1447 595 1564 638 quoad.
1579 596 1711 628 Joannis
1730 596 1859 636 insontis
1875 595 1945 629 dmi
1957 596 1995 628 de
2016 596 2166 639 Viscltaya
2178 599 2217 630 ut
2232 597 2344 638 ipsius

734 649 908 681 confessor
925 649 956 680 ei
976 649 1066 680 infra
1082 657 1236 680 mensem
1253 657 1273 680 a
1287 651 1441 689 tempore
1458 649 1664 689 receptionis
1675 650 1896 690 praesentium
1913 650 2021 682 semel
2035 651 2218 684 concedere
2232 651 2345 684 valeat

734 703 886 734 omnium
918 704 1134 743 peccatorum
1163 711 1305 734 suorum
1340 703 1534 743 generalem
1566 702 1825 743 indulgentiam.
1855 704 1908 744 (A.
1942 705 1993 739 15,
2021 703 2038 735 f
2072 705 2133 736 453
2160 709 2174 726 ⁸
2184 713 2195 742 3
2228 703 2262 735 V.
2292 706 2343 742 71,

733 765 786 796 ep.
803 756 865 788 499
882 756 935 795 F.)

780 806 916 840 14046.
938 827 977 832 -
998 809 1108 840 Mariae
1126 809 1206 840 dmae
1228 809 1265 840 de
1298 809 1463 851 Vischaya‚
1482 809 1611 842 relictae
1639 809 1765 850 quond.
1789 810 1934 842 Joannis
1957 809 2100 842 infantis
2119 811 2160 843 de
2181 810 2343 848 castella,

733 863 897 903 indulget.
915 863 961 894 id.
979 862 1032 902 (A.
1053 864 1101 900 15,
1123 862 1147 894 f.
1165 864 1226 895 453
1242 868 1270 901 ¹3
1296 862 1328 894 V.
1349 865 1400 899 71,
1418 871 1471 903 ep.
1490 864 1552 895 499
1566 863 1623 902 G.)

779 913 914 946 14047.
931 934 966 940 -
984 916 1172 947 Mac-craten.
1189 921 1218 947 et
1233 915 1410 947 Cesenaten.
1427 916 1498 957 ep.i,
1515 926 1552 947 ac
1568 916 1636 947 abb.
1652 921 1781 947 monast.
1796 926 1821 948 s.
1839 916 1927 948 Petra·
1943 916 2087 948 Per-usin.
2108 917 2233 950 dantur
2246 917 2346 958 utju-

733 970 825 1002 dices
841 971 1098 1002 conservatores
1112 970 1295 1002 Francisco
1309 978 1385 1010 ep.0
1398 970 1590 1002 Ariminen.
1609 970 1662 1009 (A.
1684 972 1733 1008 15,
1751 970 1775 1002 f.
1792 971 1852 1002 337
1867 975 1896 1008 ⁸3
1918 970 1955 1002 V.
1971 971 2022 1008 72,
2045 979 2098 1011 ep.
2118 971 2223 1011 1452.)

779 1020 914 1052 14048.
931 1040 969 1046 -
984 1022 1158 1053 Ariminen.
1172 1027 1201 1054 et
1219 1023 1249 1054 Ε
1251 1023 1377 1063 uqubin.
1394 1023 1470 1064 ep.i,
1485 1033 1521 1054 ac
1536 1023 1604 1054 abb.
1620 1028 1749 1055 monast.
1765 1033 1791 1055 e.
1807 1023 1895 1055 Petri
1908 1023 2054 1055 Perusia.
2070 1024 2194 1056 dantur
2207 1025 2246 1056 ut
2255 1023 2346 1066 judi-

733 1085 788 1109 ces
806 1077 1063 1108 conservatores
1078 1076 1211 1109 Ubaldo
1230 1077 1273 1108 el.
1292 1077 1557 1116 Foropopulien.
1574 1077 1626 1116 (A.
1645 1078 1695 1114 15,
1716 1077 1739 1108 f.
1754 1078 1815 1109 4⁴4
1830 1077 1863 1114 ῦς
1885 1077 1921 1109 V.
1939 1079 1990 1114 72,
2006 1085 2059 1118 ep.
2077 1079 2182 1117 1456.)

779 1127 917 1160 14049.
936 1147 975 1152 -
991 1129 1032 1160 Ν.
1048 1139 1077 1160 υ.
1094 1130 1209 1161 Joanm'
1223 1129 1292 1170 filio
1309 1134 1338 1161 ee
1350 1130 1458 1161 Mariae
1473 1131 1568 1161 matri
1581 1131 1659 1170 ejus,
1675 1129 1788 1161 relictae
1801 1130 1915 1171 quoad.
1931 1130 2064 1162 Joannis
2083 1131 2216 1172 infantis
2227 1131 2295 1163 dmi
2307 1130 2344 1163 de

737 1183 900 1224 Vischaya,
916 1182 1080 1223 indulget.
1098 1184 1134 1214 ut
1149 1183 1185 1214 in
1199 1183 1300 1214 terris
1316 1184 1408 1223 regis
1431 1183 1599 1221 Castellae,
1617 1183 1798 1215 interdicto
1813 1184 1965 1224 generali
1979 1184 2134 1223 durante,
2150 1185 2187 1216 in
2202 1184 2344 1225 capellis

732 1245 847 1268 eorum
859 1236 975 1276 januis
991 1236 1120 1267 clausis
1135 1236 1252 1267 divina
1268 1236 1381 1268 officia
1396 1245 1511 1268 coram
1527 1236 1615 1276 ipsis
1631 1245 1816 1277 eorumque
1831 1236 1939 1268 famil.
1959 1237 2070 1269 facere
2086 1237 2253 1270 celebrari
2267 1246 2344 1280 pos-

732 1290 811 1321 sint.
832 1290 884 1329 (A.
906 1291 955 1327 15,
973 1289 996 1320 f.
1010 1291 1070 1325 447
1086 1289 1116 1327 b;
1138 1289 1174 1321 V.
1192 1291 1242 1328 72,
1262 1298 1314 1329 ep.
1341 1290 1448 1329 1180.)

778 1340 911 1372 14050.
936 1360 976 1366 -
994 1342 1073 1374 E'z'd.
1098 1343 1213 1374 Joanm'
1233 1343 1396 1383 indulget.
1423 1343 1459 1374 ut
1486 1343 1717 1375 confessorem
1742 1343 1868 1384 eligere
1890 1343 2010 1384 possit.
2030 1344 2084 1385 (A.
2107 1346 2157 1382 15,
2185 1345 2208 1376 f.
2232 1346 2293 1376 447
2309 1344 2343 1383 ⁵5

738 1395 770 1426 V.
793 1398 843 1433 72,
862 1405 915 1436 ep.
935 1397 1041 1435 1481.)

777 1446 914 1479 14051.
932 1466 970 1472 -
986 1449 1063 1480 Eid.
1080 1449 1188 1480 Μανία
1206 1449 1370 1490 indulget.
1391 1449 1437 1480 id.
1455 1450 1508 1490 (A.
1527 1451 1576 1486 15,
1596 1450 1618 1482 f.
1636 1451 1695 1482 447
1713 1449 1745 1488 ῦς
1769 1450 1806 1482 V.
1821 1451 1872 1489 72,
1889 1459 1942 1491 ep.
1963 1450 2068 1491 1482.)

777 1554 911 1586 14052.
930 1575 969 1580 -
985 1557 1150 1588 Guillelmo
1166 1567 1235 1598 ep.0
1253 1557 1418 1594 Sabinen„
1433 1558 1474 1589 A.
1489 1557 1522 1589 S.
1541 1558 1665 1598 legato,
1681 1559 1833 1598 potestas
1848 1567 1941 1590 conc.
1958 1559 2171 1599 temperandi
2183 1559 2345 1600 poeniten-

729 1611 813 1642 tiam
829 1611 911 1642 olim
928 1620 988 1651 per
1003 1611 1214 1650 archiep.um
1238 1611 1506 1651 Compostellan.
1527 1611 1679 1651 praefatis
1696 1611 1812 1643 Mariae
1827 1613 1860 1643 et
1873 1612 1998 1643 Joanni
2013 1612 2088 1644 viro
2103 1621 2166 1644 suo
2185 1613 2288 1646 certis
2301 1621 2346 1646 ex

730 1665 845 1695 causis
863 1664 1051 1704 injunctam
1069 1665 1106 1696 ut
1128 1667 1142 1695 1
1160 1665 1220 1696 500
1242 1664 1375 1704 puellas
1398 1665 1521 1707 nuptui
1543 1665 1727 1701 traderent,
1745 1673 1847 1705 quarn
1863 1665 1941 1705 ipsa
1962 1665 2070 1697 Maria
2087 1667 2121 1697 et
2139 1668 2240 1698 natus
2254 1666 2340 1707 eius,

730 1719 807 1757 post
823 1717 903 1748 obit.
923 1718 1005 1749 dIcti
1023 1718 1167 1749 Joannis
1187 1718 1320 1758 magnis
1336 1717 1529 1749 debitorum
1547 1718 1709 1749 oneribus
1727 1718 1880 1758 obligati,
1900 1718 2087 1759 adimplere
2102 1718 2342 1760 nequiverunt.

730 1773 782 1812 (A.
802 1773 851 1808 15,
869 1771 891 1802 f.
911 1773 973 1803 448
988 1777 1018 1809 ³3
1045 1771 1076 1801 V.
1097 1773 1147 1807 72.
1167 1781 1218 1811 ep.
1239 1772 1346 1812 1483.)

776 1822 910 1853 14053.
932 1842 971 1848 —
997 1824 1071 1857 Eid.
1093 1825 1192 1865 leyato
1208 1834 1301 1856 conc.
1321 1826 1474 1865 potestas
1494 1824 1647 1865 praefatis
1668 1825 1784 1857 Mariae
1803 1827 1837 1857 et
1862 1825 1934 1857 filio
1956 1826 2158 1866 providendi
2177 1834 2282 1868 super
2302 1835 2342 1860 eo

730 1878 821 1918 quod
846 1878 967 1909 tertias
989 1878 1210 1909 ecclesiarum
1231 1878 1266 1909 in
1291 1879 1365 1909 suis
1389 1878 1475 1910 locis
1502 1878 1777 1917 consistentium,
1799 1878 2003 1910 necessitate
2027 1881 2179 1919 cogente,
2204 1879 2345 1921 propria

730 1933 817 1963 auct.
842 1933 1053 1971 receperunt,
1072 1932 1150 1962 illas
1169 1932 1203 1962 in
1219 1932 1377 1972 proprios
1393 1941 1478 1963 usus
1501 1933 1748 1968 convertentes,
1767 1932 1885 1972 elsque
1906 1931 2134 1964 absolutionis
2149 1932 2260 1965 benef.
2278 1933 2344 1966 im·

729 1985 910 2024 pendendi,
929 1985 1026 2025 prius
1041 1986 1081 2016 de
1095 1985 1292 2025 hujusmodi
1309 1985 1422 2017 tertiis
1437 1985 1673 2017 satisfactione
1691 1986 1881 2025 praemissa,
1901 1994 1976 2025 quae
1993 1986 2029 2017 in
2050 1986 2199 2018 utilitate
2217 1986 2343 2026 negotii

728 2038 884 2069 Granatae
901 2039 1152 2069 convertantur.
1170 2038 1222 2076 (A.
1241 2040 1289 2075 15,
1309 2038 1331 2069 f.
1350 2039 1411 2069 448
1425 2043 1455 2075 a;
1477 2038 1512 2070 V.
1534 2039 1584 2084 72,
1602 2047 1655 2078 ep.
1673 2039 1777 2076 1484.)

776 2088 913 2120 14054.
929 2109 966 2113 —
983 2091 1086 2131 [spus
1106 2090 1286 2127 Vere-allen„
1300 2095 1329 2121 et
1341 2091 1410 2122 abb.
1424 2097 1553 2122 monast.
1566 2101 1607 2122 ss.
1624 2091 1860 2132 Apostolorum,
1876 2092 1983 2123 Asten.
1999 2092 2056 2130 di„
2071 2097 2101 2123 et
2107 2092 2197 2133 prior
2206 2103 2231 2123 s.
2245 2092 2342 2124 Joan-

728 2144 775 2174 nis
789 2145 821 2174 in
835 2144 939 2174 Monte
955 2144 1129 2175 Bononien.
1155 2144 1278 2176 dantur
1296 2146 1333 2176 ut
1355 2145 1488 2184 judices
1505 2146 1763 2177 conservatores
1784 2145 1901 2177 Gualae
1921 2145 1998 2176 abb.
2021 2147 2055 2178 et
2075 2154 2173 2178 conv.
2192 2147 2339 2179 monast.

729 2198 978 2235 Fructuarien„
996 2198 1034 2230 O.
1051 2198 1086 2229 S.
1105 2199 1158 2236 B.,
1172 2198 1335 2237 Yporien.
1353 2198 1398 2229 di.
1418 2199 1469 2236 (A.
1486 2200 1535 2236 15,
1551 2198 1574 2229 f.
1591 2199 1652 2230 500
1666 2203 1694 2235 ὃς
1719 2198 1751 2229 V.
1768 2200 1818 2234 72,
1835 2207 1889 2239 ep.
1909 2198 2013 2238 1520.)

775 2247 910 2280 14055.
932 2269 970 2273 -
987 2251 1066 2282 Abb.
1080 2255 1209 2281 monast.
1227 2251 1263 2282 de
1282 2251 1420 2289 Tenalia,
1438 2252 1477 2284 O.
1495 2252 1529 2283 S.
1547 2253 1599 2289 B.,
1613 2252 1823 2284 Xanctonen.
1838 2252 1898 2290 di.‚
1913 2261 2006 2284 conc.
2024 2252 2125 2283 facul.
2140 2252 2342 2286 absolvendi

729 2303 770 2335 ab
786 2312 916 2336 excom.
935 2306 966 2336 et
984 2305 1235 2344 irregularitate
1251 2305 1440 2336 Arnaldum
1456 2304 1572 2343 Fabri,
1590 2314 1681 2337 mon.
1698 2305 1780 2337 dicti
1796 2307 1956 2344 monast„
1972 2306 2041 2346 qui,
2059 2306 2098 2338 O.
2114 2306 2154 2338 F.
2170 2306 2211 2338 P.
2227 2315 2340 2348 egres-

728 2366 799 2394 suS‚
814 2359 980 2398 praetextu
993 2358 1170 2398 quusdam
1187 2358 1414 2391 absolutionis
1430 2358 1575 2390 obtentae
1588 2367 1607 2390 a
1622 2359 1828 2400 Berengario
1843 2368 1920 2399 ep.o
1936 2359 2135 2397 Tusculan„
2151 2361 2233 2392 tunc
2247 2361 2289 2392 Α.
2304 2360 2340 2394 S.

726 2411 986 2451 poenitentiariae
1009 2421 1125 2443 curam
1147 2413 1293 2452 gerente,
1319 2421 1338 2443 a
1362 2413 1533 2444 sententia
1552 2421 1684 2444 excom.
1706 2421 1809 2453 quam
1830 2414 1969 2454 propter
1986 2413 2118 2445 exitum
2140 2413 2339 2454 praedictum

726 2465 928 2507 incurrerat,
940 2462 984 2497 ‘in
1004 2466 1077 2497 eod.
1107 2467 1253 2498 monast.
1277 2465 1432 2498 habitum
1458 2466 1636 2507 religionis
1660 2466 1700 2499 Ο.
1724 2466 1757 2498 S.
1779 2467 1818 2498 B.
1839 2467 1912 2507 jam
1929 2475 1950 2498 a
1966 2476 2000 2498 vr
2018 2467 2119 2498 annis
2137 2467 2338 2508 assumpsit.

725 2518 844 2559 (1¹5.
862 2518 883 2550 f.
903 2521 963 2550 535
976 2524 1007 2556 ι,
1028 2519 1064 2550 V.
1078 2521 1128 2556 72,
1143 2527 1196 2559 ep.
1216 2520 1321 2559 1525.)

771 2569 907 2602 14056.
927 2590 964 2596 ——
979 2572 1122 2614 Napoleo
1141 2583 1167 2603 s.
1189 2572 1325 2604 Adriani
1350 2573 1430 2604 diac.
1453 2573 1538 2605 card.
1562 2573 1661 2605 datur
1683 2575 1721 2606 ut
1737 2573 1845 2614 judex
1861 2575 2081 2606 conservator
2099 2573 2176 2605 abb.
2192 2575 2226 2606 et
2241 2583 2339 2607 conv.

724 2627 870 2657 monast.
895 2635 924 2657 s.
948 2626 1148 2664 Salvatoris,
1177 2627 1219 2658 ad
1241 2628 1282 2659 R.
1306 2627 1345 2658 E.
1365 2627 1460 2659 nullo
1484 2627 1597 2659 medio
1619 2627 1757 2668 pertin.‚
1783 2627 1823 2660 O.
1844 2627 1880 2660 S.
1904 2628 1956 2664 Β.,
1979 2627 2114 2660 Reatin.
2141 2627 2188 2659 di.
2208 2628 2260 2667 (Α.
2288 2629 2339 2666 18,

724 2679 748 2710 f.
763 2681 824 2712 452
845 2685 874 2717 *ς
893 2680 925 2712 V.
944 2682 993 2716 72,
1011 2689 1063 2721 ep.
1079 2681 1187 2721 1533.)

768 2733 778 2743 ¹
798 2730 933 2763 14057.
950 2752 988 2756 -
1003 2734 1153 2772 Dudum,
1173 2734 1349 2766 Clemente
1363 2735 1430 2767 ΡΡ.
1443 2735 1474 2766 V
1487 2734 1657 2772 defuncto,
1675 2734 1866 2766 cardinales
1882 2735 1917 2766 S.
1937 2735 1978 2767 R.
1997 2735 2035 2766 E.
2051 2734 2083 2766 b.
2101 2743 2165 2766 me.
2183 2735 2335 2767 Arnaldo

722 2795 798 2826 ep.o
815 2786 996 2822 Albanen.,
1016 2789 1096 2819 tunc
1118 2788 1305 2819 camerario
1330 2788 1362 2819 S.
1388 2788 1442 2823 A..
1462 2787 1551 2819 bona
1564 2787 1706 2820 mobilia
1725 2787 1874 2828 praefatae
1891 2788 1932 2820 R.
1951 2788 2005 2823 Ε..
2023 2789 2094 2819 tam
2116 2788 2158 2820 de
2174 2787 2335 2820 thesauro

721 2840 861 2880 antiquo
877 2849 980 2881 quam
995 2841 1158 2873 derelicto
1174 2841 1325 2873 ecclesias
1341 2841 1500 2881 praefatae,
1515 2850 1576 2881 per
1591 2841 1703 2873 eumd.
1717 2841 1783 2872 PP.
1803 2841 1893 2881 apud
1907 2841 2036 2872 dictum
2052 2849 2167 2881 ep.um
2182 2850 2244 2881 pro
2258 2841 2336 2873 dili-

719 2894 812 2933 genti
828 2903 909 2925 cura
924 2897 957 2926 et
971 2895 1126 2927 custodia
1140 2895 1372 2935 deposuerunt
1379 2904 1389 2930 ;
1405 2895 1624 2934 postmodum
1636 2896 1786 2926 Joannes
1798 2895 1863 2926 PP.
1876 2894 1976 2926 XXII
1989 2895 2079 2926 dicta
2094 2894 2182 2926 bona
2195 2903 2336 2927 camerae
2396 2902 2401 2906 ·

720 2949 828 2987 apost.
859 2948 1034 2980 mandavit
1056 2949 1204 2986 restitui,
1231 2950 1264 2980 et
1286 2949 1418 2980 reddita
1442 2949 1575 2980 ratione
1599 2951 1810 2989 compertum
1835 2950 1887 2980 est
1910 2948 2022 2980 eumd.
2041 2957 2156 2988 ep.um
2177 2948 2226 2980 nil
2243 2948 2337 2980 aliud
