2626 3568
159 410 263 437 Datum
279 402 459 438 Avenione.

128 514 162 540 ΙΙ
181 514 226 547 (ιιι
246 511 298 547 id.)
319 519 382 539 nov.
407 509 495 538 1319.

279 885 314 912 Ut
326 892 352 912 s,

223 930 253 957 T.
270 929 317 963 XI,
333 928 404 956 XIII.

275 992 311 1020 Ut
329 1000 352 1019 s.

237 1037 268 1064 T.
285 1037 318 1070 X,
337 1035 396 1063 XII.

280 1310 316 1338 Ut
329 1318 353 1337 s.

256 1356 288 1382 T.
308 1354 379 1383 XVI.

278 1577 314 1605 Ut
334 1585 358 1604 s.

257 1622 287 1650 T.
306 1621 378 1649 XVI.

282 1685 319 1712 Ut
339 1693 362 1712 S.

281 2004 318 2032 Ut
337 2012 361 2031 s.

252 2050 283 2077 T.
302 2048 397 2076 XXIV.

287 2218 325 2246 Ut
338 2226 362 2245 s.

249 2263 280 2291 T.
302 2262 399 2290 XVIII.

174 2379 211 2408 13
229 2379 292 2415 (id.)
309 2386 373 2406 που.
391 2377 479 2406 1319.

275 2424 305 2450 Τ.
321 2423 378 2450 XX.

292 2643 329 2671 Ut
348 2651 371 2671 s,

277 2688 307 2715 T.
325 2687 382 2715 XX.

297 2803 332 2831 Ut
352 2811 376 2831 3.

518 314 691 347 JOANNIS
715 314 832 345 PAPAE
855 313 956 343 XXII.
981 313 1228 352 (1316-1334).
1253 329 1292 334 —
1313 311 1498 342 LITTERAE
1522 310 1747 341 COMMUNES
2115 313 2154 342 35

599 503 734 535 10653.
763 523 802 528 -
828 504 914 543 Epo
938 503 1112 534 Norwicen.
1132 502 1245 534 mand.
1274 504 1311 533 ut
1332 502 1492 533 Galfredo
1510 501 1550 532 de
1569 501 1678 538 Clara,
1703 500 1815 540 presb.
1835 509 1904 532 suae
1927 500 1987 539 di.,
2005 500 2157 532 conferat

554 560 634 591 eccl.
654 558 788 599 paroch.
806 558 846 589 de
863 557 1047 593 Subinirie,
1066 565 1142 587 cum
1157 555 1286 595 capella
1299 556 1339 586 de
1356 555 1498 586 Croford
1514 554 1580 585 sibi
1600 563 1742 592 annexa,
1760 554 1857 585 dictae
1873 554 1932 592 di.,
1951 563 2054 594 quam
2071 553 2157 585 Tho-

554 622 628 644 mas
650 613 690 644 de
718 611 918 651 Cantebrige
935 611 1033 650 juxta
1054 609 1189 640 constit.
1217 617 1319 648 super
1340 608 1463 648 plural.
1489 607 1598 638 bencs.
1625 607 1770 645 dimisit,
1794 609 1827 639 et
1849 607 1943 647 Papa
1967 607 2157 639 contulerat

553 666 722 698 Walterio
747 666 787 696 de
805 664 1007 696 Blakholese
1023 672 1118 703 perp.
1144 662 1272 693 vicario
1289 662 1368 692 eccl.
1394 662 1434 692 de
1453 660 1645 697 Wisebech,
1665 661 1774 692 Elien.
1794 661 1853 699 di.,
1873 661 1932 701 qui
1951 669 2013 692 sua.
2030 661 2158 692 vicaria

554 721 732 751 contentus
763 718 937 758 praefatam
967 716 1048 747 eccl.
1075 724 1150 747 cum
1181 715 1254 746 ead.
1284 715 1414 754 capella
1438 723 1573 745 servare
1604 716 1762 750 recusat3
1786 723 1853 745 non
1880 714 1967 745 obst.
1995 715 2085 754 quod
2108 714 2156 745 id.

553 772 733 805 Galfredus
744 771 960 802 medietatem
972 768 1107 809 paroch.
1123 768 1203 799 eccl.
1221 768 1262 798 de
1279 767 1517 804 Westwalton,
1537 767 1718 798 Norvicen.
1738 767 1783 798 di.
1797 767 1980 807 jamdictae,
1996 767 2157 803 obtineat,

555 834 656 866 quam
676 834 712 856 se
729 823 851 856 obtulit
870 823 1105 853 dimissurum.
1127 820 1181 860 (V.
1202 822 1252 858 70,
1272 829 1324 860 ep.
1343 821 1430 858 351.)

601 875 734 907 10651.
755 894 792 899 -
814 876 973 907 Ambrosio
990 875 1026 905 de
1041 874 1226 905 Neweborne
1246 874 1358 905 collat.
1378 882 1495 904 canon.
1521 873 1602 904 eccl.
1627 874 1667 904 de
1690 874 1856 910 Aneland,
1878 874 2082 906 Dunelmen.
2099 874 2159 911 di.,

556 932 619 963 sub
635 940 731 970 exsp.
751 929 853 970 praeb.
874 930 948 960 -Ι,
965 937 993 960 e.
1013 937 1059 959 m.
1076 929 1113 959 ut
1129 936 1156 958 s.
1174 936 1207 958 n.
1229 928 1339 958 10651.
1359 926 1411 965 (A.
1431 929 1478 963 13,
1497 927 1518 957 f.
1539 928 1597 958 297
1613 926 1645 962 1),
1673 926 1704 958 V.
1724 928 1773 964 70,
1791 935 1844 966 ep.
1862 926 1948 965 367)

603 981 737 1013 10655.
757 1001 795 1007 -
811 982 925 1014 ,Ιοαηηὶ
945 981 1015 1013 Ursi
1031 981 1144 1012 collat.
1163 989 1280 1011 canon.
1301 980 1468 1011 Senonen.
1493 980 1573 1010 eccl.
1593 979 1656 1010 sub
1677 988 1773 1019 exsp.
1799 979 1916 1019 praeb.‚
1934 980 2063 1011 consid.
2085 981 2162 1012 Fre-

556 1038 661 1069 derici
679 1037 770 1077 regis
790 1035 986 1072 Trinacriae,
1004 1034 1100 1074 cujus
1120 1036 1171 1065 est
1195 1034 1274 1065 cler.
1295 1036 1328 1065 et
1347 1033 1472 1069 famil.;
1496 1042 1562 1064 non
1579 1033 1666 1064 obst.
1690 1033 1870 1064 archidiac.
1891 1033 1931 1064 de
1949 1034 2111 1073 Majorica
2126 1034 2162 1064 in

557 1091 740 1131 Legionen.
761 1099 788 1121 o.
818 1098 861 1126 c.,
882 1089 966 1120 etin
987 1088 1059 1119 ead.
1089 1088 1285 1127 Legionen„
1314 1087 1546 1118 Panormitam.
1571 1088 1604 1118 et
1626 1087 1789 1121 Furnen.,
1811 1086 1977 1118 Morinen.
2003 1087 2061 1122 di.,
2080 1087 2162 1118 eccl.

557 1153 675 1175 canon.
699 1145 732 1175 et
755 1142 872 1183 praeb.‚
898 1151 936 1173 ac
957 1142 1036 1173 eccl.
1056 1150 1084 1172 s.
1103 1141 1250 1173 Rosaliae
1276 1149 1303 1171 s.
1322 1149 1363 1175 c.,
1391 1140 1624 1171 Panormitan.
1650 1140 1697 1171 di.
1714 1158 1752 1163 -—
1774 1140 1803 1171 Ι.
1822 1148 1851 1171 e.
1870 1149 1915 1171 m.
1935 1149 1962 1171 s.
1991 1139 2164 1171 Columbae

558 1206 663 1237 prope
678 1198 842 1234 Senonas,
863 1197 896 1228 et
914 1195 1075 1228 Omnium
1090 1195 1289 1226 Sanctorum
1312 1194 1346 1225 in
1363 1194 1478 1225 insula
1495 1194 1716 1225 Catalaunen.
1739 1195 1884 1225 monast.
1902 1193 1992 1230 abb.,
2011 1203 2048 1225 ao
2063 1194 2164 1225 Petro

559 1252 675 1287 Ferro,
694 1259 766 1282 can.
787 1249 1042 1281 Autisiodoren.
1060 1248 1115 1289 (A.
1136 1250 1185 1283 13,
1204 1248 1226 1278 f.
1246 1249 1305 1279 218
1323 1247 1354 1285 b3
1378 1248 1415 1279 V.
1435 1249 1484 1285 70,
1511 1256 1564 1287 ep.
1579 1249 1663 1286 384.)

607 1301 740 1333 10656.
759 1322 797 1327 -
815 1303 949 1343 Indulg.
962 1312 1004 1333 Lx
1019 1302 1152 1333 dierum
1166 1301 1326 1333 dantibus
1343 1302 1595 1341 eleemosynam
1614 1310 1675 1341 pro
1689 1301 1937 1332 sustentatione
1951 1301 2166 1332 infirmorum

560 1359 593 1390 et
607 1366 796 1399 pauperum
810 1357 851 1388 ad
862 1356 1030 1396 hospitale
1045 1357 1083 1387 B.
1098 1356 1144 1387 M.
1160 1355 1200 1386 de
1218 1355 1375 1386 Calceata
1386 1355 1505 1387 Roseti
1519 1354 1705 1395 vulgariter
1718 1355 1962 1394 nuncupatum,
1975 1355 2165 1386 Nanneten.

561 1412 621 1450 di.,
639 1412 674 1442 in
698 1412 772 1442 loco
791 1411 923 1442 deserto
950 1411 1121 1449 vastaeque
1147 1408 1345 1439 solitudinis
1372 1417 1434 1448 per
1457 1409 1628 1448 quondam
1651 1408 1816 1439 Arturum
1841 1408 1960 1439 ducem
1983 1408 2168 1440 Britanniae

562 1466 752 1503 fundatum,
770 1464 909 1496 obtentu
925 1463 1069 1495 Joannis
1094 1462 1190 1493 ducis
1207 1462 1406 1499 Britanniae,
1423 1462 1504 1493 dicti
1527 1462 1646 1493 Arturi
1670 1462 1744 1492 filii.
1771 1462 1825 1501 (A.
1846 1463 1895 1498 13,
1917 1461 1939 1492 f.
1963 1463 2039 1498 1803
2063 1461 2099 1493 V.
2117 1463 2167 1500 70,

563 1529 616 1559 ep.
636 1520 720 1556 408.)

610 1569 745 1601 10657.
763 1590 801 1594 -
818 1570 990 1601 Βαῖηιιιηᾶο
1005 1580 1074 1610 ep.o
1095 1569 1293 1601 Colimbrien.
1309 1569 1410 1600 facul.
1428 1569 1588 1600 testandi.
1607 1568 1661 1609 (A.
1683 1571 1729 1605 13,
1747 1569 1770 1600 f.
1793 1570 1869 1606 1833
1895 1569 1930 1600 V.
1948 1570 1999 1606 70,
2014 1577 2067 1608 ep.
2083 1570 2169 1609 443.)

611 1677 745 1708 10658.
765 1696 803 1701 -
826 1678 974 1719 Volquino
999 1677 1036 1708 de
1059 1676 1204 1717 Belqerirz
1224 1676 1338 1707 collat.
1357 1685 1475 1708 canon.
1498 1676 1580 1707 eccl.
1606 1676 1749 1716 Pragen.
1776 1675 1840 1707 sub
1857 1685 1952 1716 exsp.
1974 1676 2091 1716 praeb.‚
2111 1677 2171 1708 sed

564 1734 696 1765 fructus
713 1732 816 1764 unius
839 1732 918 1763 anni
933 1731 1069 1771 paroch.
1088 1731 1169 1762 eccl.
1187 1730 1223 1761 in
1244 1730 1424 1769 Reddisth,
1449 1729 1646 1761 Olomucen.
1667 1729 1727 1767 di.,
1743 1738 1804 1769 per
1820 1730 1935 1769 ipsum
1957 1730 2121 1767 dimissae,
2138 1731 2172 1762 et

565 1796 626 1827 per
649 1787 766 1827 plures
782 1794 889 1817 annos
905 1785 1054 1816 indebite
1073 1786 1224 1820 retentae,
1250 1792 1311 1823 pro
1329 1784 1441 1815 Terrae
1464 1784 1594 1816 Sanctae
1619 1782 1774 1814 subsidio
1799 1783 1930 1814 solvere
1953 1785 2087 1815 tenetur
2104 1792 2173 1815 non

566 1841 653 1872 obst.
671 1841 706 1871 In
726 1840 807 1871 eccl.
834 1838 1104 1879 Wissegraden,
1133 1838 1275 1877 Pragen.
1294 1837 1354 1874 di.,
1372 1846 1490 1868 canon.
1514 1836 1578 1868 sub
1600 1845 1696 1876 exsp.
1721 1836 1825 1876 praeb.
1847 1855 1884 1859 —
1906 1837 1933 1868 Ι.
1954 1846 1982 1868 e.
2002 1846 2047 1868 m.
2063 1838 2173 1869 Aulae-

566 1895 667 1935 regiae
692 1895 724 1925 et
742 1892 976 1925 Strahobbien.
1000 1892 1147 1923 monast.
1178 1891 1268 1928 ahb.,
1291 1891 1434 1930 Pragen.
1453 1890 1511 1928 di.,
1533 1900 1569 1922 ac
1594 1899 1681 1930 mag.
1712 1890 1853 1922 Nicolao
1879 1891 1919 1922 de
1939 1891 2080 1929 Frattis,
2098 1899 2172 1922 can.

566 1949 755 1983 patracen„
774 1947 840 1978 litt.
857 1947 890 1978 S.
907 1947 948 1977 A.
965 1945 1159 1976 correctori.
1175 1944 1226 1985 (A.
1242 1946 1292 1982 13,
1311 1944 1333 1975 f.
1353 1946 1429 1980 229;
1452 1944 1488 1975 V.
1505 1945 1556 1981 70,
1574 1953 1626 1983 ep.
1643 1945 1727 1982 470.)

615 1998 747 2030 10659.
766 2018 804 2023 ——
829 1999 976 2041 Volquino
990 1998 1026 2029 de
1040 1998 1194 2039 Belqerim
1207 2007 1278 2029 can.
1295 1998 1452 2037 Pragen„
1465 1997 1608 2028 Joannis
1618 1997 1709 2038 regis
1725 1997 1894 2029 Bohemiae
1907 1997 1986 2028 cler.
2003 1999 2035 2029 et
2051 1997 2173 2036 famil„

568 2055 787 2087 remittuntur
803 2055 836 2085 et
858 2054 1027 2084 donantur
1049 2052 1180 2083 fructus
1196 2051 1331 2091 paroch.
1353 2051 1433 2082 eccl.
1459 2051 1493 2081 in
1517 2051 1696 2088 Reddisth,
1719 2051 1915 2083 Olomucen.
1941 2051 2001 2089 di.,
2018 2060 2079 2091 per
2097 2060 2175 2083 eum

568 2109 719 2140 indebite
739 2107 901 2148 percepti,
920 2106 1103 2137 dummodo
1122 2105 1253 2136 fructus
1270 2105 1374 2136 unius
1392 2105 1471 2136 anni
1486 2113 1547 2144 pro
1571 2104 1726 2136 subsidio
1750 2106 1848 2136 terrae
1864 2106 1989 2136 sanctae
2004 2105 2177 2145 persolvat

569 2163 605 2194 in
621 2163 662 2194 R.
681 2162 783 2193 Curia
796 2161 981 2193 Guillelmo
997 2168 1074 2200 ep.o
1089 2158 1311 2190 Praenestino.
1332 2158 1384 2198 (A.
1404 2160 1453 2196 13,
1473 2158 1495 2189 f.
1513 2159 1588 2195 237;
1611 2158 1646 2190 V.
1664 2160 1714 2195 70,
1732 2167 1784 2198 ep.
1803 2160 1888 2197 535.)

617 2213 751 2245 10660.
772 2232 809 2237 -
827 2214 913 2255 Ep.o
929 2213 1159 2244 Barchinonen.
1176 2212 1289 2243 mand.
1307 2214 1344 2243 ut
1362 2212 1537 2251 dispenset
1557 2220 1660 2251 super
1674 2215 1723 2242 1v⁰
1739 2211 1832 2243 affin.
1851 2212 1957 2252 gradu
1975 2213 2009 2243 in
2026 2213 2175 2244 matrim.

567 2267 638 2306 J'am
657 2265 828 2296 contracto
852 2264 941 2295 inter
960 2262 1204 2302 Berengarium
1227 2262 1268 2292 de
1293 2261 1515 2298 Villaracut0‚
1536 2269 1605 2292 suae
1631 2261 1691 2295 di.,
1719 2262 1752 2292 et
1775 2269 1808 2292 n.
1834 2270 1879 2292 m.
1905 2262 2048 2293 Sauram
2070 2262 2177 2293 filiam

570 2315 687 2351 Jacobi
703 2318 793 2358 regis
809 2317 1059 2357 Majoricarum,
1074 2324 1216 2346 uxorem
1239 2315 1324 2354 ejus.
1340 2314 1391 2353 (A.
1411 2316 1460 2352 13,
1481 2314 1503 2345 f.
1521 2315 1597 2351 3693
1616 2314 1649 2344 V.
1669 2315 1719 2350 70,
1738 2323 1790 2354 ep.
1812 2315 1895 2353 747.)

619 2369 753 2401 10661.
772 2389 810 2395 -
832 2370 1000 2410 Ανεὴίερ.ο
1018 2368 1223 2400 Mediolanen.
1244 2372 1273 2398 et
1291 2377 1360 2408 ep.o
1379 2367 1510 2399 cuman.
1528 2367 1642 2398 mand.
1661 2369 1698 2399 ut
1715 2368 1870 2399 relaxent
1888 2368 2109 2399 interdictum
2124 2368 2179 2399 cui

573 2426 758 2466 suppositae
787 2424 921 2455 fuerant
941 2423 1035 2454 civit.
1055 2424 1088 2454 et
1109 2422 1155 2453 di.
1183 2422 1327 2453 Cuman.
1345 2430 1388 2452 ex
1412 2430 1451 2452 eo
1468 2421 1557 2461 quod
1575 2421 1667 2452 cives
1689 2422 1721 2452 et
1745 2421 1804 2452 alii
1830 2421 1870 2452 de
1888 2421 2046 2452 districtu
2069 2422 2180 2461 ipsius

573 2480 681 2511 multa
695 2478 944 2510 attentaverant
958 2478 1076 2508 contra
1091 2475 1280 2507 sententias
1296 2475 1383 2506 latas
1399 2475 1563 2506 adversus
1582 2474 1791 2506 adhaerentes
1807 2474 1949 2506 Mathaeo
1965 2475 2179 2512 Vicecomiti‚

573 2534 615 2565 de
633 2532 836 2568 Mediolano,
854 2532 888 2562 et
905 2530 984 2562 aliis
1001 2531 1039 2562 E.
1058 2531 1100 2562 R.
1118 2528 1315 2561 rebellibus.
1334 2529 1385 2567 (A.
1412 2530 1461 2562 13,
1486 2528 1510 2558 f.
1528 2529 1601 2565 1053
1627 2527 1659 2558 V.
1681 2529 1730 2564 70,
1753 2537 1805 2568 ep.
1825 2529 1900 2563 1255
1922 2528 2071 2565 Riezler,
2095 2528 2180 2559 Vati-

574 2586 717 2617 kanische
733 2585 845 2622 Akten,
861 2593 894 2616 n.
912 2583 998 2624 179.)

621 2636 756 2668 10662.
773 2657 806 2662 -
827 2637 868 2669 N.
887 2648 916 2668 v.
935 2637 1070 2669 Guidoni
1085 2636 1121 2667 de
1137 2635 1264 2667 [bellino
1281 2641 1310 2666 et
1324 2634 1504 2675 Marqarilae
1519 2639 1598 2664 natae
1612 2634 1724 2675 quond.
1745 2634 1894 2665 Guidonis
1906 2633 1943 2664 de
1960 2633 2099 2671 Ibella'no,
2116 2634 2180 2664 mil.

575 2692 742 2730 Nicosien„
761 2692 911 2732 dispens.
933 2699 1035 2730 super
1058 2695 1096 2721 11⁰
1113 2691 1146 2721 et
1169 2694 1218 2720 111⁰
1234 2688 1456 2728 consanguin.
1480 2688 1587 2728 gradu
1612 2688 1647 2718 in
1670 2688 1821 2724 matrim,
1847 2696 1908 2727 pro
1934 2687 2183 2727 tranquillitate

576 2746 672 2786 regni
687 2745 793 2786 Cypri
809 2744 1048 2781 contrahendo,
1061 2743 1201 2775 obtentu
1217 2742 1372 2774 Isabellae
1383 2742 1506 2781 reginae
1521 2741 1635 2781 Cypri.
1648 2740 1701 2781 (A.
1717 2743 1765 2776 13,
1781 2740 1804 2771 f.
1820 2742 1894 2777 109;
1913 2740 1948 2772 V.
1964 2742 2013 2778 70,
2032 2749 2084 2780 ep.
2100 2740 2184 2780 127.)

621 2800 633 2811 ·
656 2796 792 2828 10663.
814 2817 846 2822 -
861 2797 982 2829 Sanciae
995 2797 1109 2838 reqinae
1125 2795 1254 2827 Siciliae.
1278 2795 1506 2827 Confirmatur
1525 2794 1699 2825 concessio
1717 2802 1778 2833 per
1796 2793 1984 2825 Robertum
2003 2803 2118 2834 regem
2134 2795 2184 2826 Si-

579 2853 667 2884 ciliae
684 2852 772 2883 facta
786 2852 851 2883 eid.
869 2851 1011 2888 Sanciae,
1027 2850 1138 2890 ipsius
1162 2849 1275 2885 uxori,
1293 2849 1383 2888 quod
1399 2849 1545 2879 monast.
1568 2847 1603 2877 in
1619 2855 1685 2886 quo
1709 2847 1785 2885 ipsa
1805 2846 2055 2886 professionem
2070 2847 2182 2887 faciet,

578 2915 662 2937 casu
675 2914 741 2945 quo
757 2905 868 2936 dictus
881 2913 942 2935 rex
954 2902 1202 2944 praemoriatur,
1218 2902 1386 2938 civitates,
1402 2903 1513 2932 castra
1525 2901 1557 2931 et
1573 2899 1640 2930 alia
1653 2899 1743 2930 bona
1759 2899 1825 2939 ipsi
1842 2899 1884 2930 ad
1901 2900 2007 2931 vitam
2025 2909 2186 2933 concessa

580 2959 706 2995 teneat,
724 2959 756 2990 et
775 2957 949 2997 possideat
967 2956 1131 2997 quamdiu
1145 2956 1236 2987 dicta
1250 2955 1368 2995 regina
1385 2954 1520 2985 vixerit.
1537 2970 1576 2975 —
1592 2952 1775 2984 Concessio
1789 2953 1868 2984 data
1885 2953 1950 2984 fuit
1966 2954 2111 2994 Neapoli
2126 2963 2187 2994 per

583 3020 706 3044 manus
729 3010 967 3042 Bartholomaei
984 3010 1025 3041 de
1044 3009 1169 3048 Capua,
1194 3008 1317 3039 militis
1332 3006 1595 3039 locumtenentis
1621 3007 1653 3037 et
1674 3005 1921 3045 prothonotarii
1941 3007 2036 3047 regni
2061 3007 2187 3040 Siciliae
