2566 3562
201 410 304 438 Datum
321 403 505 439 Avenione.

188 513 223 540 ΙΙ
244 511 276 548 (v
293 511 347 546 id.)
366 513 419 539 oct.
438 510 528 538 4319.

317 670 355 698 Ut
374 678 398 698 S.

310 776 348 805 Ut
373 785 397 804 s.

315 989 354 1017 Ut
373 997 396 1017 ε.

313 1096 349 1124 Ut
365 1104 388 1123 s.

311 1254 349 1282 Ut
368 1263 392 1282 s.

311 1414 348 1442 Ut
364 1422 388 1441 s.

314 1520 351 1549 Ut
371 1528 395 1548 s.

314 1627 350 1655 Ut
370 1636 393 1655 s.

312 1733 350 1762 Ut
370 1742 394 1762 s,

312 1839 349 1868 Ut
369 1848 392 1868 ε.

311 1947 347 1975 Ut
367 1955 391 1975 s.

310 2105 347 2133 Ut
366 2114 390 2134 s.

312 2212 346 2240 Ut
366 2221 390 2241 s.

309 2318 345 2346 Ut
365 2327 389 2347 s.

308 2425 344 2453 Ut
364 2433 388 2453 s.

308 2690 345 2718 Ut
366 2699 389 2718 s.

308 2796 345 2824 Ut
365 2804 389 2824 s.

309 2902 345 2931 Ut
365 2911 389 2931 ⁸.

577 315 750 347 JOANNIS
773 315 891 346 PAPAE
912 315 1014 347 XXII.
1040 315 1289 354 (1316-1334).
1311 333 1350 338 —
1372 314 1558 346 LITTERAE
1582 314 1633 345 DE
1655 313 1779 345 CURIA
2138 318 2193 348 151

644 506 779 538 12011.
795 527 833 532 -
850 508 951 549 Ep.o,
971 508 1050 539 clero
1063 514 1090 539 ec
1113 508 1225 549 populo
1243 508 1326 538 civit.
1346 512 1374 538 et
1389 506 1547 537 districtus
1565 506 1722 538 Tudertin.
1739 506 1852 538 mand.
1871 507 1908 537 ut
1923 506 2081 539 obediant
2095 507 2192 540 Guit-

597 563 669 594 toni
685 571 761 602 epo
777 561 981 594 Urbevetan.
997 570 1097 601 quem
1113 562 1178 592 ΡΡ.
1197 560 1393 600 subrogavit
1410 560 1595 592 Guillelmo
1611 560 1720 591 Costae
1737 560 1909 599 praedicto.
1927 559 1979 599 (V.
1995 562 2044 598 70,
2063 569 2115 601 ep.
2133 563 2151 593 3
2164 562 2195 593 A

598 615 634 646 de
650 615 730 655 cur.)

644 665 777 697 12012.
797 686 836 691 -
862 667 1030 698 Praedictas
1053 677 1139 707 epms
1163 666 1366 706 subrogatur
1394 665 1588 705 supradicto
1612 665 1797 698 Guillelmo
1815 666 1850 697 in
1870 666 2035 706 regimine
2052 667 2144 699 civit.
2161 669 2193 700 et

598 722 644 752 di.
657 730 723 761 *seu
738 721 915 752 districtus
931 720 1106 752 Tudertin.
1126 719 1176 758 (V.
1196 720 1246 756 70,
1263 728 1314 759 ep.
1331 721 1350 750 3
1363 719 1390 750 Β
1408 718 1444 749 de
1459 719 1537 758 cur.)

644 771 780 803 12013.
798 791 836 796 -
854 773 940 814 Εμο
964 777 993 803 el
1008 772 1088 802 clero
1110 782 1147 802 ac
1161 772 1276 812 populo
1293 772 1376 802 civit.
1399 776 1427 801 et
1442 771 1485 802 cli.
1509 781 1560 801 seu
1579 770 1734 802 districtus
1749 771 1884 807 Reahn„
1901 782 1962 812 pro
1975 782 2010 803 ea
2020 777 2113 813 parte
2126 784 2194 815 quae

597 827 639 857 ad
655 826 691 857 R.
707 826 750 857 E.
765 825 849 856 nullo
867 826 1003 866 pertinet
1028 825 1188 862 mediante,
1215 825 1328 855 mand·
1345 826 1381 855 ut
1407 825 1543 863 praesato
1559 832 1634 863 ep.o
1659 832 1760 863 quem
1777 824 1843 855 ΡΡ.
1863 825 1898 855 in
1916 825 2080 865 regimine
2096 827 2193 859 dictae

597 880 690 911 civit.
714 881 746 910 et
762 879 808 910 di.
835 887 896 910 seu
914 878 1090 910 districtus
1109 878 1304 917 supradicto
1321 877 1505 908 Guillelmo
1529 876 1724 916 subrogavit
1745 879 1895 916 pareant.
1917 878 1967 917 (V.
1985 880 2034 916 70,
2058 888 2110 919 ep.
2127 883 2147 912 4
2164 882 2194 913 Α

597 932 634 964 de
649 931 761 970 curia.)

642 982 777 1014 12014.
794 1003 832 1008 —-
850 984 1006 1024 Praefatus
1023 993 1107 1024 ep.us
1133 983 1336 1023 subrogatur
1354 983 1388 1014 in
1415 982 1580 1022 regimine
1605 982 1709 1018 civit..
1727 983 1773 1014 di.
1798 984 1830 1014 et
1853 983 2029 1015 districtus
2045 986 2192 1024 Reatin.‚

595 1047 656 1078 pro
671 1040 765 1078 parte
781 1037 989 1077 supradicta,
1006 1045 1093 1076 mag.
1113 1036 1298 1068 Guillelmo
1316 1037 1435 1068 Costae.
1454 1035 1506 1076 (V.
1527 1037 1576 1072 70,
1593 1044 1645 1075 ep.
1658 1039 1678 1067 4
1694 1037 1720 1067 Β
1738 1035 1774 1066 de
1787 1036 1868 1076 cur.)

642 1088 778 1121 12015.
795 1107 833 1112 —
850 1090 955 1122 Guitto
970 1099 1058 1131 epms
1077 1089 1259 1121 Urbevetan.
1277 1089 1481 1129 subrogatur
1494 1089 1618 1128 quond.
1636 1098 1723 1129 mag.
1746 1089 1930 1121 Guillelmo
1945 1090 2054 1122 Costae
2071 1092 2106 1122 in
2123 1102 2195 1124 rec-

594 1142 683 1176 tori'a
707 1146 807 1176 terrae
824 1143 1090 1183 Arnulphorum‚
1110 1143 1273 1175 Narnien.
1292 1143 1324 1174 et
1342 1142 1513 1182 spoletan.
1541 1142 1600 1180 di.,
1617 1142 1659 1173 ad
1675 1142 1741 1173 ΡΡ.
1759 1143 1791 1173 et
1808 1142 1846 1173 E.
1867 1142 1908 1174 R.
1927 1143 2049 1182 pertin.
2067 1145 2122 1184 (V.
2144 1148 2192 1184 70,

596 1207 647 1238 ep.
663 1199 683 1229 6
697 1198 727 1229 Α
745 1197 782 1228 de
800 1197 880 1236 cur.)

642 1248 777 1281 12016.
795 1268 834 1274 -
848 1249 938 1281 Clero
954 1255 980 1280 el
997 1249 1116 1290 populo
1132 1250 1294 1280 comitatus
1308 1248 1457 1286 Sabiniae,
1483 1248 1525 1280 E.
1541 1249 1579 1279 R.
1598 1248 1750 1289 fidelibus,
1767 1249 1881 1280 mand.
1903 1250 1939 1280 ut
1961 1250 2101 1289 praefato
2118 1261 2194 1292 ep.0

595 1304 812 1341 Urbevetan.‚
831 1312 932 1343 quem
948 1303 1017 1334 ΡΡ.
1040 1302 1224 1334 Guillelmo
1242 1302 1351 1334 Costae
1366 1302 1401 1344 in
1419 1302 1584 1342 regimine
1602 1301 1683 1333 dicti
1701 1302 1882 1334 comitatus
1904 1303 2111 1344 subrogavit,
2132 1315 2192 1345 pa-

595 1359 702 1390 reant.
720 1357 773 1399 (V.
790 1359 840 1395 70,
859 1366 911 1397 ep.
932 1359 951 1389 6
965 1358 992 1388 B
1007 1356 1044 1387 de
1058 1358 1136 1394 cur.)

641 1409 776 1440 12017.
795 1428 829 1432 -
850 1410 955 1442 Guitto
979 1420 1066 1451 ep.us
1085 1409 1267 1440 Urbevetan.
1289 1409 1494 1449 subrogatur
1512 1409 1637 1449 quond.
1654 1417 1741 1449 mag.
1759 1408 1944 1441 Guillelmo
1960 1411 2069 1442 Costae
2086 1414 2119 1442 in
2141 1422 2189 1444 re·

594 1465 721 1506 gimine
744 1464 844 1496 castri
862 1464 1021 1500 Utriculi,
1035 1464 1199 1495 Narnien.
1217 1463 1262 1494 di.
1281 1463 1334 1502 (V.
1355 1464 1404 1500 70,
1423 1471 1475 1503 ep.
1493 1465 1512 1494 6
1531 1463 1555 1495 G
1573 1462 1610 1493 de
1623 1462 1702 1502 cur.)

642 1515 776 1547 12018.
796 1535 834 1540 -
850 1516 897 1548 Id.
914 1527 1001 1558 ep.us
1018 1516 1220 1557 subrogatur
1238 1516 1362 1556 quond.
1379 1525 1467 1556 mag.
1488 1515 1672 1548 Guillelmo
1692 1515 1802 1546 Costae
1819 1515 1854 1546 in
1869 1516 2033 1555 regimine
2052 1518 2144 1549 civit.
2159 1520 2191 1551 et

594 1571 640 1603 di.
660 1579 720 1603 seu
736 1571 910 1602 districtus
925 1571 1175 1610 Interampnen.
1194 1570 1235 1601 R.
1256 1569 1295 1600 E.
1314 1568 1555 1608 subjectorum.
1575 1569 1629 1609 (V.
1654 1570 1704 1606 70,
1722 1577 1773 1608 ep.
1792 1570 1811 1600 6
1826 1569 1856 1599 D
1872 1568 1909 1599 de
1922 1569 2032 1610 curia.)

640 1622 775 1654 12019.
791 1641 830 1647 -
844 1624 932 1664 Epo
947 1628 974 1653 et
992 1622 1070 1654 clero
1089 1633 1125 1653 ac
1139 1622 1257 1664 populo
1282 1623 1364 1653 civit.
1386 1627 1415 1653 et
1432 1621 1473 1652 di.
1491 1632 1543 1653 seu
1559 1622 1717 1653 districtus
1731 1621 1960 1662 Interampnen.
1974 1622 2017 1653 Ε.
2033 1623 2069 1654 R.
2088 1624 2188 1664 fideli-

594 1678 648 1709 bus
664 1678 777 1709 mand.
794 1679 832 1708 ut
848 1677 1008 1717 praedicto
1025 1685 1100 1716 ep.o
1115 1676 1238 1708 rectori
1253 1677 1404 1715 pareant.
1419 1675 1471 1715 (V.
1483 1677 1532 1713 70,
1546 1684 1599 1715 ep.
1616 1677 1635 1706 6
1655 1676 1682 1706 E
1701 1675 1736 1706 de
1754 1674 1830 1715 cur.)

641 1728 763 1761 12019
783 1725 874 1769 (bis).
896 1749 932 1753 —
951 1729 1104 1769 Praefatus
1129 1739 1215 1770 ep.us
1239 1729 1442 1769 subrogatur
1464 1729 1588 1768 quond.
1617 1737 1705 1768 mag.
1727 1728 1912 1760 Guillelmo
1928 1729 2037 1761 Costae
2054 1730 2089 1761 in
2105 1731 2191 1771 regi-

580 1785 685 1826 ¹mine
701 1784 791 1815 civit.
812 1785 844 1815 et
861 1783 907 1815 di.
922 1791 983 1820 seu
1004 1783 1181 1814 districtus
1202 1782 1366 1814 Narnien.
1385 1782 1422 1812 E.
1442 1783 1482 1814 R.
1499 1781 1728 1821 subjectorum
1751 1781 1804 1821 (V.
1824 1783 1873 1819 70,
1898 1790 1951 1821 ep.
1967 1784 1985 1813 6
2005 1783 2042 1820 F,
2058 1782 2095 1814 de
2112 1786 2189 1824 cur.)

639 1835 772 1866 12020.
791 1854 830 1860 —-
846 1836 932 1877 E'p.o
949 1841 977 1866 et
994 1835 1075 1866 clero
1092 1846 1129 1866 ac
1147 1835 1266 1876 populo
1282 1835 1366 1866 civit.
1386 1840 1414 1866 et
1435 1834 1478 1865 di.
1498 1845 1550 1865 seu
1573 1834 1729 1865 districtus
1750 1834 1898 1865 Narnien.
1921 1836 2033 1866 mand.
2060 1838 2096 1868 ut
2123 1837 2189 1869 eid.

593 1899 668 1930 ep.o
686 1890 808 1921 rectori
824 1891 974 1929 pareant.
994 1889 1049 1930 (V.
1066 1889 1116 1926 70,
1131 1898 1184 1928 ep.
1201 1891 1219 1920 6
1232 1889 1261 1920 G
1282 1887 1318 1918 de
1334 1887 1414 1928 cur.)

639 1941 774 1973 12021.
791 1960 830 1965 -
849 1942 939 1973 Unio.
957 1941 1126 1972 hominibus
1144 1942 1236 1972 castri
1250 1941 1457 1972 Strunclionis
1478 1941 1629 1971 Narnien.
1647 1940 1704 1976 di.,
1723 1941 1765 1971 Ε.
1789 1940 1827 1970 R.
1845 1941 1994 1979 vassallis,
2012 1943 2125 1973 mand.
2154 1945 2191 1975 ut

591 1997 752 2037 praedicto
765 2005 841 2036 ep.0
857 1997 910 2027 cui
936 1995 1087 2035 regimen
1112 1995 1193 2026 dicti
1218 1995 1322 2026 castri
1348 1995 1415 2026 ΡΡ.
1443 1994 1616 2026 commisit
1640 1995 1783 2034 pareant
1802 1995 1835 2026 et
1852 1994 2039 2027 intendant.
2064 1995 2119 2036 (V.
2139 1998 2189 2034 70,

591 2059 644 2090 ep.
664 2052 683 2082 6
699 2051 730 2081 Η
747 2049 783 2080 de
799 2051 878 2088 cur.)

637 2105 772 2136 12022.
791 2125 828 2129 -
847 2106 937 2137 Unio.
961 2105 1131 2137 hominibus
1157 2106 1249 2136 castri
1277 2105 1420 2142 Utriculi,
1447 2105 1596 2136 Narnien.
1626 2104 1683 2143 di.,
1713 2104 1753 2135 E.
1776 2105 1814 2135 R.
1837 2105 1975 2136 vassallis
2001 2106 2113 2137 mand.
2142 2106 2189 2139 id.

592 2161 643 2201 (V.
664 2161 712 2198 70,
731 2170 782 2200 ep.
806 2162 825 2192 6
840 2161 855 2192 Ι
873 2159 910 2191 de
925 2159 1006 2199 cur.)

637 2211 768 2243 12023.
785 2231 823 2236 --
851 2213 940 2244 Univ.
957 2212 1128 2243 hominibus
1155 2213 1251 2243 castri
1280 2217 1309 2242 et
1330 2212 1438 2243 Rochae
1464 2211 1624 2248 Mirandae,
1654 2210 1806 2242 Narnien.
1829 2211 1888 2250 di.,
1919 2212 1961 2243 Ε.
1979 2211 2017 2242 R.
2038 2212 2189 2249 vassallis,

590 2268 704 2299 mand.
722 2267 769 2298 id.
787 2266 838 2306 (V.
856 2268 907 2302 70,
924 2275 976 2306 ep.
992 2268 1012 2298 6
1025 2267 1045 2297 J
1062 2266 1097 2296 de
1110 2266 1192 2306 eur.)

636 2317 770 2349 12024.
793 2337 828 2343 -
843 2319 948 2351 Guiuo
964 2329 1053 2360 ep.us
1070 2319 1255 2350 Urbevetan.
1279 2318 1482 2358 subrogatur
1508 2318 1632 2358 quond.
1651 2326 1739 2358 mag.
1756 2318 1940 2349 Guillelmo
1958 2318 2067 2350 Costae
2090 2319 2125 2350 in
2140 2327 2189 2350 re-

590 2374 717 2414 gimine
733 2373 837 2404 castri
850 2372 1084 2410 Strunchonis,
1103 2373 1266 2404 Narnien.
1285 2372 1345 2409 di.,
1363 2372 1404 2402 ad
1421 2372 1462 2403 R.
1482 2372 1519 2402 E.
1537 2371 1659 2411 pertin.
1677 2371 1732 2411 (V.
1752 2373 1801 2407 70,
1820 2380 1872 2410 ep.
1888 2373 1906 2402 6
1923 2372 1953 2402 K
1970 2371 2006 2401 de
2022 2372 2104 2411 cur.)

636 2424 772 2457 12025.
791 2444 827 2449 —
843 2426 933 2457 bniv.
951 2425 1120 2456 hominibus
1137 2431 1225 2456 terrae
1237 2435 1303 2466 quae
1314 2425 1429 2455 dicitur
1440 2423 1674 2465 Arnulplzorum
1687 2428 1715 2454 et
1729 2423 1881 2455 Caesarum
1894 2433 1928 2454 ac
1941 2423 2064 2454 Perocli
2072 2425 2188 2454 arcium

589 2485 617 2511 et
632 2479 763 2511 aliorum
782 2484 960 2516 castrorum,
980 2479 1126 2515 locorum,
1144 2477 1288 2509 villarum
1306 2488 1341 2508 ac
1358 2478 1614 2518 pertinentiarum
1631 2476 1729 2517 ejusd.
1747 2481 1846 2512 terrae,
1867 2475 2020 2507 Narnien.
2039 2481 2067 2507 et
2081 2476 2189 2517 Spole-

590 2538 652 2565 tan.
670 2533 728 2569 di.,
742 2533 810 2563 ΡΡ.
830 2537 859 2563 et
875 2532 919 2562 Ε.
938 2531 976 2563 R.
999 2531 1149 2569 vassallis,
1169 2532 1282 2562 mand.
1302 2533 1338 2562 ut
1353 2530 1534 2570 saepedicto
1551 2538 1626 2568 ep.o
1643 2538 1743 2569 quem
1762 2530 1828 2560 ΡΡ.
1848 2529 1883 2559 in
1906 2529 2070 2569 regimine
2090 2530 2188 2561 dictae

588 2588 687 2618 terrae
703 2586 828 2626 quond.
846 2594 933 2626 mag.
950 2585 1136 2617 Guilielmo
1151 2585 1260 2616 Costae
1277 2584 1484 2624 subrogavit,
1502 2584 1641 2622 pareant
1656 2584 1689 2613 et
1710 2582 1898 2613 intendant.
1923 2581 1976 2619 (V.
1998 2583 2047 2619 70,
2063 2590 2115 2621 ep.
2131 2584 2150 2614 6
2163 2583 2188 2614 L

589 2640 611 2670 d
640 2649 706 2670 cur.

611 2641 770 2721 812026.
789 2709 827 2715 -
844 2692 948 2723 Guitto
970 2702 1055 2732 epus
1076 2691 1257 2722 Urbevetan.
1283 2690 1486 2729 subrogatur
1510 2697 1598 2728 mag.
1623 2687 1807 2720 Guillelmo
1833 2688 1943 2719 Costae
1967 2687 2002 2718 in
2020 2687 2185 2727 regimine

589 2745 771 2777 comitatus
785 2744 946 2786 Sabiniae²
962 2745 1004 2776 ad
1018 2745 1057 2776 E.
1074 2745 1114 2776 R.
1133 2744 1256 2784 pertin.
1275 2743 1326 2784 (V.
1343 2744 1392 2780 70,
1404 2751 1456 2782 ep.
1473 2744 1492 2773 6
1514 2742 1548 2773 M
1563 2740 1600 2772 de
1616 2741 1698 2779 cur.)

635 2795 769 2827 12027.
786 2816 825 2821 -
844 2797 894 2829 Id.
910 2808 998 2839 epm
1023 2798 1226 2837 subrogatur
1245 2797 1334 2827 dicto
1361 2804 1450 2835 mag.
1469 2794 1653 2826 Guillelmo
1676 2794 1711 2824 in
1736 2793 1900 2833 regimine
1915 2793 2016 2824 castri
2030 2794 2062 2824 et
2078 2793 2185 2826 rochae

588 2850 761 2888 Mirandae‚
778 2851 941 2883 Narnien.
961 2851 1020 2888 di.,
1040 2851 1083 2882 ad
1100 2851 1141 2882 R.
1156 2850 1194 2881 E.
1213 2849 1335 2889 pertin.
1355 2848 1407 2886 (V.
1425 2850 1475 2885 70,
1490 2856 1541 2887 ep.
1560 2849 1579 2879 6
1595 2847 1626 2879 N
1643 2845 1679 2877 de
1694 2848 1772 2886 cur.)

635 2900 771 2932 12020.
789 2921 826 2926 -
841 2902 960 2943 Anqelo
983 2902 1145 2934 Vilerbz'en.
1158 2906 1186 2933 et
1206 2902 1374 2932 Tuscanen.
1390 2910 1458 2941 ep.o
1468 2899 1580 2931 mand.
1597 2900 1634 2930 ut
1648 2899 1788 2930 assistat
1803 2907 1878 2938 ep.0
1888 2897 2091 2930 Urbevetan.
2109 2900 2186 2931 sub-

589 2956 705 2996 rogato
723 2964 811 2996 mag.
828 2955 1013 2987 Guillelmo
1038 2956 1147 2987 Costae
1176 2955 1211 2986 in
1237 2954 1382 2986 rectoria
1405 2952 1602 2993 patrimonii
1628 2951 1661 2983 b.
1679 2951 1773 2983 Petri
1797 2952 1832 2982 in
1849 2952 1975 2983 Tuscia
1991 2952 2025 2983 et
2039 2952 2183 2984 aliarum

588 3010 756 3040 terrarum
774 3008 863 3040 circa
878 3009 1151 3048 prosecutionem
1166 3007 1232 3038 sibi
1247 3006 1519 3038 commissorum.
1538 3005 1592 3046 (V.
1608 3006 1658 3042 70,
1675 3013 1728 3044 ep.
1745 3007 1763 3036 7
1778 3003 1814 3035 de
1828 3006 1908 3043 cur.)
