2566 3562
252 415 357 444 Datum
375 410 561 445 Avenione.

297 730 335 758 44
345 730 410 765 Jan.
431 731 519 759 1321.

290 775 355 810 (xix
371 775 430 804 kal.
451 775 522 811 feb.)

249 819 296 847 Gr.
314 820 350 847 de
369 821 468 848 mand.
485 820 559 848 D.ni.

290 1210 324 1238 15
337 1210 403 1245 jan.
426 1211 515 1239 432¹.

277 1256 366 1290 (xvm
379 1255 437 1283 kal.
451 1255 523 1292 reb.)

297 1299 328 1328 T.
349 1299 408 1334 XII,
430 1301 500 1328 XIV.

285 1583 322 1610 1⁶·
333 1583 400 1618 jan.
419 1582 507 1612 1321.

280 1626 357 1663 (xvn
371 1628 431 1656 kal.
449 1627 517 1664 feb.)

303 1672 333 1700 Τ.
355 1673 402 1704 XI,
423 1673 495 1701 XIII.

358 1797 394 1825 Ut
414 1806 437 1825 s.

312 1841 343 1869 Τ.
360 1842 406 1876 XI,
421 1842 494 1870 XIII.

360 1903 396 1932 Ut
417 1913 441 1931 s.

331 1948 363 1976 Τ.
383 1948 471 1976 V¹¹¹V.

357 2490 394 2519 Ut
414 2499 438 2519 ε.

329 2535 360 2562 T.
378 2534 460 2562 IV¹¹.

355 2702 391 2730 Ut
412 2711 435 2730 s.

305 2746 336 2775 T.
351 2747 397 2782 XI,
413 2747 485 2774 XIII.

356 2915 393 2942 Ut
413 2923 438 2942 s.

305 2959 336 2987 Τ.
350 2960 396 2994 XI,
411 2959 482 2987 XIII.

621 325 795 358 JOANNIS
819 326 937 357 PAPAE
958 326 1061 358 XXII.
1084 327 1330 367 (1316-1334).
1354 343 1394 349 —
1415 325 1602 356 LITTERAE
1625 325 1850 357 COMMUNES
2191 314 2250 360 233

653 515 694 547 (10
708 516 821 547 Monte
842 515 996 551 Guiardi,
1019 515 1098 547 cler.
1118 515 1277 547 Tolosan.
1303 515 1363 554 di.,
1380 515 1439 555 qui
1454 515 1489 546 in
1510 516 1667 555 pluribus
1689 516 1774 548 locis
1787 516 2056 556 proclamaverat
2070 517 2161 557 quod
2181 526 2250 549 om-

653 577 714 600 nes
737 578 778 600 ex
795 570 889 609 parte
905 569 968 600 Dei
986 569 1018 600 et
1031 569 1069 600 B.
1087 569 1132 600 M.
1151 577 1189 599 ac
1206 569 1377 608 quondam
1401 569 1671 600 Pastorellorum
1687 570 1824 601 Judaeos
1839 570 2067 602 interficerent
2083 572 2116 602 et
2132 579 2251 602 revera

653 622 810 662 ipsemet,
831 622 986 658 clericus,
1005 624 1074 653 tres
1085 621 1215 662 judaeos
1234 623 1267 653 et
1287 630 1388 653 unam
1401 622 1548 662 judaeam
1574 622 1804 654 interemerat.
1826 623 1879 664 (A.
1898 625 1949 661 14,
1966 623 1990 654 f.
2009 625 2068 655 223
2085 624 2121 660 b;
2143 623 2176 654 V.
2198 626 2248 661 71,

652 684 704 715 ep.
717 675 802 714 361.)

695 728 707 740 ’
729 725 862 757 12843.
884 746 920 751 -
938 728 1031 759 Petro
1051 727 1209 768 archiep.o
1233 727 1385 758 Nazaren.
1411 728 1520 767 gratia
1544 736 1640 768 exsp.
1661 728 1771 759 benef.
1798 729 1986 760 ecclesiast.
2005 739 2033 760 c.
2051 739 2079 761 0.
2101 729 2154 761 vel
2170 739 2198 761 s.
2218 739 2246 761 c.

651 781 704 822 (80
727 782 800 813 flor.
817 781 906 820 auri)
922 781 957 812 in
983 781 1167 813 Castellan.
1186 781 1240 812 vel
1263 781 1412 812 Paduan.
1441 781 1534 812 civit.
1562 781 1616 812 vel
1632 781 1690 818 di.,
1718 790 1795 812 cum
1822 781 1864 812 ab
1881 782 1991 821 ipsius
2013 783 2093 814 eccl.
2109 784 2248 823 propter

649 834 853 866 Sarracenos
877 835 992 866 exulet
1018 835 1051 865 et
1075 835 1274 873 paupertate
1302 843 1340 865 ac
1365 834 1536 865 senectute
1564 834 1791 873 opprimatur;
1807 834 2026 874 dispensatur
2053 844 2072 866 a
2096 836 2247 875 generali

649 887 792 919 concilio
808 896 911 927 super
928 886 1246 926 incompatibilitate
1261 886 1384 926 plural.
1397 886 1521 921 benef.‚
1534 886 1692 918 videlicet
1708 887 1999 927 archiepiscopatu
2016 889 2195 927 Nazaren.‚
2207 890 2247 920 50

647 941 720 972 flor.
739 940 812 971 auri
828 940 864 971 in
889 940 1035 980 quadam
1052 940 1163 977 domo,
1182 949 1242 980 per
1258 948 1436 971 commune
1451 939 1603 970 Paduan.
1621 939 1688 970 sibi
1702 940 1835 977 collata,
1853 949 1938 980 quos
1954 941 2021 980 ipsi
2037 941 2173 973 solvunt
2191 951 2247 973 an-

647 993 778 1025 nuatim
807 993 912 1025 abbas
940 994 973 1025 et
999 1002 1095 1025 conv.
1123 994 1268 1024 monast.
1298 1001 1326 1023 s.
1342 993 1486 1024 Justinae
1514 993 1676 1030 Paduan.,
1703 993 1741 1025 O.
1759 993 1792 1024 S.
1810 994 1861 1030 B„
1879 993 1977 1033 juxta
1992 994 2245 1026 concessionem

646 1047 833 1079 Clementis
861 1047 930 1078 ΡΡ.
949 1047 991 1085 V,
1011 1048 1045 1078 et
1066 1046 1146 1078 eccl.
1165 1055 1193 1078 s.
1209 1046 1389 1078 Michaelis
1414 1045 1454 1077 de
1479 1046 1563 1077 Inna
1579 1046 1631 1086 (20
1646 1046 1719 1077 flor.
1736 1046 1822 1086 auri)
1842 1046 1876 1077 in
1892 1047 2122 1086 patriarchatu
2139 1048 2246 1087 Aqui-

646 1100 755 1141 legen.
773 1118 811 1123 —
835 1100 862 1131 Ι.
881 1109 910 1132 e.
928 1109 974 1131 m.
994 1100 1205 1140 patriarchae·
1219 1099 1435 1140 Aquilegen.,
1461 1101 1494 1131 et
1511 1099 1679 1139 archiep.0
1705 1099 1951 1138 Ravennaten.,
1973 1108 2011 1131 ac
2028 1108 2104 1139 ep.o
2120 1100 2243 1132 Civita-

645 1154 798 1185 tisnovae.
815 1153 869 1195 (A.
890 1155 938 1191 14,
958 1153 981 1184 f.
999 1154 1059 1185 225
1073 1158 1104 1191 ³5
1128 1153 1164 1184 V.
1182 1155 1231 1190 71,
1246 1162 1300 1193 ep.
1316 1152 1405 1193 368.)

691 1204 825 1236 12844.
843 1226 881 1230 —
899 1207 1021 1239 Collat.
1038 1206 1174 1247 paroch.
1193 1206 1273 1238 eccl.
1291 1206 1324 1238 S.
1335 1206 1380 1237 M.
1397 1206 1438 1237 de
1451 1206 1570 1243 Plano,
1586 1206 1810 1237 Terraconen.
1828 1205 1889 1243 di.,
1905 1215 1966 1245 per
1981 1206 2246 1246 resignationem

645 1261 848 1292 Monserrati
871 1260 1044 1301 Eymerici
1067 1260 1157 1300 apud
1178 1260 1212 1292 S.
1233 1254 1273 1291 Α.
1301 1268 1386 1297 vac.,
1415 1258 1577 1290 Bernardo
1605 1256 1784 1300 Eymerici}
1808 1268 1874 1290 non
1892 1258 1980 1290 obst.
1998 1259 2089 1299 quod
2111 1259 2146 1290 in
2162 1260 2243 1292 eccl.

644 1315 791 1347 Ilerden.
816 1314 999 1354 quamdam
1019 1322 1114 1354 perp.
1138 1313 1259 1353 capell.
1278 1312 1440 1350 obtineat,
1456 1314 1489 1344 et
1512 1313 1553 1344 de
1579 1312 1716 1352 paroch.
1734 1312 1814 1344 eccl.
1830 1312 1871 1344 de
1888 1313 2055 1348 Trorxon‚
2074 1313 2246 1344 Caesarau-

644 1370 777 1408 gustan.
805 1368 865 1403 di.,
882 1367 978 1407 cujus
994 1376 1075 1399 cura
1100 1376 1161 1407 per
1178 1375 1273 1407 perp.
1291 1366 1459 1398 vicarium
1483 1366 1624 1406 geritur,
1648 1366 1776 1397 dudum
1798 1366 1866 1405 ipsi
1894 1365 2052 1397 canonice
2070 1368 2245 1406 provisum

644 1422 759 1460 fuerit,
778 1421 857 1453 licet
880 1430 954 1452 eam
981 1421 1023 1452 ad
1040 1429 1190 1460 praesens
1207 1420 1382 1460 possidere
1409 1419 1550 1451 minime
1569 1419 1776 1450 dinoscatur.
1792 1436 1828 1442 —
1847 1419 1874 1450 I.
1895 1428 1924 1450 e.
1943 1428 1987 1450 m.
2005 1418 2081 1450 abb.
2097 1421 2243 1451 monast.

644 1476 788 1513 Fuxen.,
807 1474 1052 1515 Appamiarum
1068 1474 1127 1510 di.,
1144 1475 1177 1505 et
1192 1474 1355 1511 sacristae,
1376 1482 1413 1504 ac
1428 1473 1676 1505 Bartholomaeo
1695 1473 1883 1510 'thomasii‚
1901 1481 1973 1503 can.
1993 1472 2073 1504 eccl.
2093 1472 2241 1504 Ilerden.

644 1529 698 1569 (A.
719 1530 766 1565 15,
785 1529 809 1559 f.
822 1529 883 1560 353
897 1533 930 1565 ²3
952 1527 986 1559 V.
1004 1529 1053 1565 72,
1071 1535 1123 1567 ep.
1144 1527 1248 1566 1214.)

690 1579 826 1612 12845.
844 1599 883 1605 -
900 1581 1028 1612 Nicolao
1043 1581 1174 1612 Joannis
1197 1580 1300 1622 Puppi
1322 1579 1359 1611 de
1377 1579 1497 1620 Melfita
1517 1588 1612 1620 prov.
1630 1588 1748 1610 canon.
1765 1579 1829 1610 sub
1846 1587 1943 1618 exsp.
1961 1579 2063 1619 praeb.
2084 1579 2166 1610 eccl.
2183 1580 2243 1611 Ju-

644 1644 802 1668 venacen.
816 1645 825 1673 3
845 1644 911 1667 non
928 1634 1015 1666 obst.
1032 1635 1066 1665 in
1080 1634 1242 1666 Melfiten.
1258 1634 1339 1665 eccl.
1355 1642 1473 1665 canon.
1490 1635 1523 1665 et
1539 1633 1743 1673 quibusdam
1759 1632 1870 1664 benef.
1882 1633 1910 1673 (1
1929 1632 2036 1664 unciae
2047 1634 2080 1664 et
2093 1632 2243 1664 dimidiae

644 1690 743 1728 auri).
761 1707 799 1713 —
819 1689 847 1720 1.
864 1698 893 1720 e.
911 1697 956 1719 m.
972 1688 1133 1720 Melfiten.
1151 1689 1184 1719 et
1201 1687 1364 1728 Vigilien.
1388 1687 1487 1727 ep.is‚
1514 1696 1552 1718 ac
1579 1687 1681 1718 Petro
1703 1686 1891 1723 Brancacii,
1915 1695 1988 1717 can.
2013 1686 2242 1726 Neapolitan„

643 1744 711 1775 ΡΡ.
736 1751 807 1783 cap.
824 1743 876 1782 (A.
896 1744 946 1780 14,
966 1742 988 1773 f.
1008 1742 1066 1774 164
1080 1741 1113 1779 l>;
1138 1741 1171 1771 V.
1189 1743 1238 1778 71,
1256 1750 1309 1781 ep.
1330 1742 1416 1779 299.)

690 1793 824 1826 12846.
841 1813 881 1819 —-
895 1795 971 1827 ΕΜ,
990 1795 1098 1836 gratia
1123 1803 1218 1834 exsp.
1245 1794 1356 1825 benef.
1376 1794 1428 1834 (12
1451 1802 1526 1825 unc.
1545 1793 1631 1830 auri)
1659 1792 1693 1823 in
1720 1792 1825 1828 civit„
1843 1792 1897 1823 vel
1923 1792 1968 1823 di.
1985 1793 2042 1823 aut
2068 1792 2243 1831 provincia

643 1851 778 1885 Baren.,
793 1849 835 1880 ad
857 1849 1098 1888 cujuscumque
1116 1848 1230 1879 collat.
1246 1847 1388 1887 pertin.;
1406 1847 1539 1887 reliqua
1557 1847 1595 1877 ut
1615 1855 1642 1877 s.
1658 1845 1712 1887 (A.
1732 1847 1780 1880 14,
1799 1845 1821 1876 f.
1840 1847 1897 1877 165
1910 1850 1943 1880 ³;
1969 1844 2001 1876 V.
2018 1846 2067 1882 71,
2087 1853 2138 1885 ep.
2157 1846 2242 1884 300.)

690 1900 822 1932 12847.
838 1920 876 1924 -
902 1901 1055 1934 Ger-ardus
1070 1901 1109 1934 O.
1126 1902 1163 1933 F.
1182 1902 1227 1932 M.
1245 1901 1427 1940 praeficitur
1443 1900 1478 1930 in
1495 1908 1610 1940 ep.um
1626 1899 1707 1930 eccl.
1727 1899 1923 1931 Bruniaten.
1941 1907 2000 1938 per
2021 1898 2104 1929 obit.
2124 1898 2242 1930 Jacobi

643 1958 676 1988 et
701 1956 927 1988 cassationem
948 1964 1007 1995 per
1033 1954 1241 1995 archiep.um
1265 1955 1423 1991 Januen.,
1443 1953 1508 1984 loci
1525 1953 1836 1992 metropolitanum,
1854 1952 1977 1983 factam
1990 1951 2166 1983 electionis
2182 1961 2242 1991 per

642 2011 860 2042 Franciscum
885 2009 995 2040 filium
1015 2008 1140 2048 quond.
1158 2008 1301 2039 Joannis
1323 2007 1477 2047 Alegrini
1499 2005 1612 2046 presb.
1631 2006 1841 2041 Bruniaten.,
1859 2013 1935 2036 cum
1954 2013 2072 2036 omnes
2088 2005 2242 2044 ejusdem

642 2063 723 2095 eccl.
741 2062 893 2094 canonici
913 2062 1072 2094 absentes
1088 2063 1202 2093 essent
1219 2069 1280 2092 nec
1298 2060 1373 2092 sine
1388 2068 1612 2100 personarum
1630 2068 1770 2090 suarum
1792 2058 1955 2098 periculis
1977 2058 2127 2089 residere
2150 2058 2242 2089 vale-

641 2118 727 2153 rent,
747 2116 834 2148 falso
853 2116 1061 2147 asserentem
1089 2123 1125 2146 se
1147 2114 1218 2146 fore
1241 2114 1322 2145 eccl.
1339 2114 1507 2153 praedictae
1532 2121 1604 2144 can.
1631 2113 1664 2143 et
1689 2112 1731 2143 ad
1748 2120 1826 2143 eum
1850 2120 1890 2143 ea
1914 2111 1987 2142 vice
2009 2111 2066 2151 Jus
2093 2111 2240 2151 eligendi

641 2178 755 2210 ep.um
774 2169 955 2210 pertinere,
983 2168 1079 2200 factae
1100 2168 1215 2200 favore
1239 2167 1382 2199 rectoris
1404 2166 1484 2198 eccl.
1511 2166 1551 2198 de
1576 2167 1709 2198 Cazana
1731 2165 1927 2197 Bruniaten.
1957 2165 2016 2202 di.,
2035 2173 2165 2196 necnon
2181 2173 2242 2205 per

641 2223 932 2255 renunciationem
948 2231 967 2253 a
980 2221 1153 2254 Bernardo
1169 2221 1245 2252 abb.
1263 2222 1407 2252 monast.
1424 2229 1452 2251 s.
1470 2220 1538 2253 Siri
1553 2220 1573 2251 J
1577 2228 1711 2256 anuen.,
1729 2219 1767 2251 Ο.
1785 2218 1818 2250 S.
1835 2219 1886 2254 B.,
1902 2227 1963 2258 per
1977 2217 2078 2257 capit.
2096 2218 2238 2249 Brunia·

639 2278 710 2309 ten.
729 2277 849 2314 electo,
865 2277 965 2316 prout
981 2275 1083 2307 etiam
1096 2283 1155 2315 per
1174 2274 1440 2314 resignationem
1457 2282 1477 2304 a
1491 2272 1632 2313 praefato
1654 2272 1804 2304 Gerardo
1820 2280 1880 2311 per
1897 2271 2024 2302 dictum
2041 2271 2142 2310 capit.
2161 2270 2241 2302 sub-

641 2331 821 2371 sequenter
837 2329 943 2362 electo
961 2329 1084 2360 tactam
1100 2337 1153 2368 ap.
1171 2328 1205 2360 S.
1222 2328 1263 2359 A.
1279 2336 1351 2359 vac.
1368 2346 1406 2350 —
1421 2327 1448 2357 Ι.
1468 2335 1497 2358 e.
1515 2335 1559 2358 m.
1576 2326 1677 2366 capit.
1693 2326 1726 2357 et
1740 2324 1900 2356 vassallis
1917 2324 1998 2356 eccl.
2017 2324 2214 2355 Bruniaten.
2229 2333 2238 2359 ;

641 2384 730 2416 clero
747 2385 780 2415 et
803 2382 929 2423 populo
945 2382 1036 2414 civit.
1059 2383 1092 2413 et
1115 2381 1161 2412 di.
1185 2381 1238 2420 (A.
1258 2382 1306 2418 14,
1327 2381 1350 2412 f.
1366 2381 1426 2412 219
1443 2380 1480 2418 1³5
1511 2379 1544 2410 V.
1563 2381 1613 2416 71,
1632 2388 1685 2419 ep.
1714 2380 1795 2416 3553
1817 2377 1936 2414 Eubel,
1959 2387 2011 2418 op.
2035 2377 2101 2414 cic„
2117 2385 2150 2416 p.
2169 2378 2238 2412 195,

639 2446 673 2469 n.
691 2438 776 2476 418.)

686 2487 822 2520 12848.
840 2508 878 2513 -
897 2489 1084 2530 Maynerius,
1103 2497 1194 2519 mon.
1215 2488 1361 2519 monast.
1387 2487 1523 2521 Caven.‚
1539 2486 1578 2518 O.
1597 2485 1630 2517 S.
1650 2485 1702 2523 B.,
1726 2484 1928 2516 Salernitan.
1946 2483 2005 2521 di.,
2021 2483 2055 2513 in
2073 2481 2150 2513 abb.
2168 2490 2237 2512 mo-

640 2545 728 2575 nast.
748 2544 782 2575 S.
801 2543 853 2579 Β.,
878 2543 1080 2574 Salernitan.
1097 2541 1156 2579 di.,
1174 2541 1216 2573 ad
1233 2542 1275 2573 R.
1294 2541 1332 2572 F..
1354 2540 1448 2571 nullo
1466 2539 1577 2570 medio
1596 2537 1811 2578 pertinentis,
1829 2536 1901 2568 ord.
1919 2535 2083 2575 praedicti,
2100 2534 2143 2566 el.
2161 2536 2238 2574 post

640 2596 722 2628 obit.
751 2596 943 2634 Bertrandi,
959 2595 1190 2627 confirmatur.
1209 2612 1246 2618 -
1272 2594 1298 2625 Ι.
1316 2603 1345 2625 0.
1363 2602 1408 2624 m.
1427 2592 1534 2632 priori
1549 2592 1582 2623 et
1597 2599 1693 2622 conv.
1719 2590 1865 2621 monast.
1891 2598 1919 2619 s.
1936 2587 2111 2620 Benedicti
2127 2587 2237 2619 Saler-

641 2649 761 2687 nitan.,
778 2650 811 2680 et
825 2648 917 2680 univ.
934 2648 1114 2686 vassallis3
1128 2647 1276 2680 Roberto
1295 2647 1366 2687 regi
1381 2646 1518 2678 Sioiliae.
1535 2644 1586 2686 (A.
1606 2645 1656 2679 14,
1673 2643 1697 2674 f.
1713 2643 1772 2675 258
1786 2647 1820 2680 ³3
1840 2642 1876 2674 V.
1891 2643 1940 2679 71,
1957 2650 2009 2681 ep.
2026 2641 2113 2680 367.)

686 2699 820 2731 12819.
837 2719 876 2724 -
894 2701 1015 2734 Collat.
1034 2700 1169 2741 paroch.
1189 2700 1270 2732 eccl.
1287 2700 1327 2731 de
1343 2699 1494 2730 Flusano
1508 2699 1541 2729 et
1557 2697 1597 2728 de
1612 2697 1832 2732 Bonomonte‚
1850 2694 1995 2726 invicem
2013 2701 2235 2730 annexarum,

641 2755 862 2787 Condomien.
885 2754 946 2792 di.,
962 2763 1022 2794 per
1034 2754 1271 2786 dimissionem
1289 2762 1308 2785 a
1323 2753 1453 2784 Joanne
1469 2750 1572 2782 Fabri
1585 2750 1683 2789 juxta
1699 2750 1851 2780 tenorem
1864 2746 2117 2779 constitutionis
2133 2754 2236 2786 super

639 2807 764 2848 plural.
778 2807 890 2839 benef.
906 2808 1028 2839 tactam
1041 2816 1125 2845 vac.,
1142 2807 1236 2837 Petro
1250 2805 1418 2837 Ber-eraudi
1435 2803 1516 2835 dicto
1529 2802 1566 2834 de
1583 2802 1723 2843 Aqenno.
1738 2819 1776 2824 —
1790 2801 1816 2832 Ι.
1830 2809 1859 2832 0.
1871 2809 1915 2831 m.
1928 2799 2096 2831 Mancoati
2121 2800 2153 2830 et
2167 2798 2236 2830 Eli-

639 2870 731 2893 zonae
747 2860 921 2896 archidjs,
937 2869 974 2892 ac
989 2860 1140 2892 sacristae
1156 2860 1235 2891 0001.
1253 2859 1415 2890 Auxitan.
1437 2857 1488 2896 (A.
1510 2857 1560 2894 14,
1577 2856 1600 2887 f.
1617 2856 1676 2887 365
1692 2860 1723 2891 ⁸3
1743 2854 1779 2886 V.
1799 2855 1849 2892 71,
1867 2862 1919 2894 ep.
1936 2853 2021 2892 633.)

685 2910 878 2944 128150.-
907 2913 1029 2945 Collat.
1047 2913 1218 2952 prioratus
1247 2912 1287 2943 de
1311 2912 1430 2948 Bocco,
1449 2910 1488 2942 O.
1508 2909 1542 2941 S.
1558 2909 1609 2946 B.,
1628 2908 1759 2948 Aquen.
1788 2907 1849 2944 di.,
1877 2915 1937 2946 per
1965 2914 2055 2937 mon.
2087 2906 2233 2936 monast.

638 2976 667 2999 s.
685 2967 833 2999 Victoris
857 2966 1045 2999 Massilien.
1063 2965 1142 3006 gub.
1167 2965 1332 3001 consueti,
1351 2972 1422 2995 vac.
1449 2971 1509 3002 per
1521 2961 1785 3002 resignationem
1799 2959 1912 2992 Pontii
1930 2959 1970 2991 de
1988 2958 2128 2991 Ucessia
2145 2957 2235 2998 apud
