2566 3562
362 377 419 408 164

387 466 489 492 Datum
521 458 703 492 Avenione.

427 938 468 966 22
481 938 548 973 Jun.
568 937 656 966 1320.

447 983 477 1018 (x
501 981 559 1010 kal.
572 981 638 1018 jul.)

507 1204 540 1232 Ut
560 1212 584 1232 S.

506 1419 539 1445 Ut
560 1426 584 1446 s.

504 1472 539 1500 Ut
561 1480 583 1499 s,

434 1795 470 1822 27
487 1795 549 1828 jun.
569 1794 657 1821 4320.

448 1840 478 1878 (v
493 1838 552 1866 kal.
572 1838 638 1874 jul.)

507 2113 541 2141 [Jt
562 2122 584 2140 s.

506 2381 540 2409 t't
562 2390 584 2408 s.

504 2542 538 2569 Ut
559 2551 582 2569 s.

503 2648 537 2675 Ut
557 2656 580 2676 s.

429 2860 467 2889 28
478 2861 546 2895 jun.
567 2861 653 2890 1320.

439 2908 481 2940 (ιν
501 2906 560 2933 kal.
574 2906 642 2942 jul.)

426 3019 466 3046 29
479 3019 546 3053 jun.
567 3021 653 3048 1320.

443 3067 488 3098 (ιιι
504 3065 561 3091 kal.
577 3065 643 3100 jul.)

1666 0 1848 19 ”··”»τ“’-ν,·3τι’
1866 0 2042 22 wamma-a.

776 373 949 404 JOANNIS
973 373 1091 404 PAPAE
1114 372 1214 403 xxti.
1239 373 1487 413 (1316-1334).
1511 390 1549 396 —
1572 372 1760 404 LlTTERAE
1784 373 1834 404 DE
1856 373 1980 406 CURIA

786 569 857 593 vac.
879 561 1007 593 dictum
1023 562 1078 593 off.
1103 570 1260 593 exercere
1277 561 1459 602 pertineat,
1474 562 1628 598 retinuit,
1644 565 1677 594 et
1691 570 1809 594 omnes
1825 561 1893 594 sibi
1910 562 2107 596 obedientes
2127 564 2161 596 et
2177 562 2390 596 adhaerentes

786 615 973 646 sententias
992 623 1122 647 excom.
1145 617 1178 647 et
1195 614 1367 647 interdicti
1382 615 1417 647 in
1432 614 1650 655 processibus
1673 615 1774 656 Papae
1789 617 1963 648 contentas
1978 616 2176 649 incurrisse.
2200 617 2287 649 Item
2304 617 2387 649 scri-

785 667 876 699 bitur
892 668 1001 700 eidem
1017 669 1127 708 legato
1146 671 1262 701 contra
1275 668 1424 700 nobilem
1439 668 1551 700 virum
1563 669 1689 701 Canem
1700 669 1742 701 de
1755 669 1864 707 Scala,
1875 669 2045 702 Veronen.
2058 670 2152 702 civit.
2163 671 2198 702 et
2210 670 2388 703 districtus

785 721 963 753 vicariurn.
981 722 1067 753 Item
1085 731 1161 762 ep.o
1182 722 1367 754 Bononien.
1384 723 1416 754 et
1432 731 1519 763 mag.
1537 722 1721 762 Aymerico
1737 722 1778 754 de
1794 722 1997 755 Castrolucii
2022 725 2141 756 contra
2162 723 2388 756 Passarinum

785 776 818 806 et
837 775 974 807 Canem.
993 776 1078 807 Item
1093 775 1256 807 scribitur
1270 776 1379 807 eidem
1397 775 1508 816 legato
1526 775 1618 816 quod
1633 775 1728 816 ipsos
1743 775 1846 808 faciat
1860 776 2015 808 nunciati
2032 777 2066 809 et
2082 775 2124 808 ab
2142 776 2302 809 omnibus
2317 785 2388 809 arc·

785 829 855 860 tius
875 829 996 860 evitari
1014 829 1048 860 in
1071 829 1258 869 provinciis
1278 830 1311 861 et
1330 829 1422 860 civit.
1443 828 1669 866 Lombardiae‚
1691 829 1824 861 Tusciae
1847 831 1881 861 et
1896 829 1976 861 aliis
1993 829 2090 862 locis.
2109 829 2162 870 (V.
2179 831 2230 868 70.
2258 838 2312 871 ep.
2334 831 2387 867 71,

786 882 823 914 de
845 891 927 919 cur.;
941 882 1122 923 Raynaldi,
1138 882 1276 913 Annales
1292 882 1496 920 ecclesiastici,
1516 883 1606 920 1320,
1626 883 1641 922 ἓ
1662 883 1772 923 ΧΙΙΙ.)

830 935 841 946 ”
865 933 1000 965 12181.
1019 954 1057 958 -
1074 936 1195 967 Decano
1217 935 1290 966 eccl.
1317 936 1481 967 Patavien.
1503 936 1618 968 mand.
1642 937 1679 967 ut
1705 937 1846 968 assistat
1866 935 1964 968 fratri
1986 937 2135 969 Hem-ico
2156 937 2198 969 de
2220 937 2389 978 Hecpont,

785 989 913 1020 dudum
936 989 1042 1029 priori
1062 990 1098 1020 F.
1123 990 1162 1022 O.
1185 989 1223 1021 P.
1242 990 1481 1030 Ratisponen.,
1500 989 1541 1021 ad
1561 990 1830 1030 recuperandum
1853 998 2024 1022 summam
2047 991 2108 1023 607
2129 989 2335 1023 florenorum
2354 991 2389 1023 et

786 1043 913 1074 frustra
936 1043 1014 1082 puri
1037 1043 1111 1074 auri
1133 1043 1175 1074 de
1198 1042 1298 1075 bonis
1320 1043 1409 1074 Eccl.
1433 1043 1596 1075 Romanae
1617 1051 1691 1083 quae
1711 1043 1850 1075 fuerunt
1867 1043 2040 1076 subtracta
2054 1044 2091 1075 in
2110 1043 2258 1076 Civitate
2278 1043 2388 1083 Nova,

785 1096 960 1128 Patavien.
981 1096 1041 1134 di.‚
1064 1097 1243 1128 Wolramo
1258 1097 1299 1127 de
1322 1096 1517 1133 Crumnow,
1533 1096 1647 1136 presb.
1665 1096 1863 1129 Olomucen.
1882 1097 1943 1136 di.,
1964 1097 2019 1129 cui
2035 1097 2148 1129 dictus
2164 1097 2336 1129 Henricus
2349 1105 2390 1130 ea

785 1150 827 1181 ad
842 1149 934 1181 civit.
950 1149 1171 1189 Herbipolen.
1189 1149 1369 1182 deferenda
1384 1149 1613 1181 commiserat.
1631 1149 1685 1188 (V.
1703 1151 1755 1188 70,
1771 1158 1824 1190 ep.
1841 1151 1882 1182 90
1897 1149 1933 1181 de
1945 1150 2026 1190 cur.)

832 1200 965 1232 12182.
986 1220 1026 1226 -
1042 1203 1128 1244 Epa
1154 1202 1324 1233 olomucen.
1343 1203 1504 1235 scribitur
1521 1203 1612 1243 quod
1634 1203 1732 1234 fratri
1748 1203 1897 1236 Henrico
1914 1203 1955 1235 de
1971 1204 2125 1244 Hecpont
2143 1204 2283 1236 assistat
2300 1203 2391 1236 circa

786 1256 1076 1296 recuperationem
1100 1257 1324 1296 quarumdam
1347 1265 1559 1288 summarum
1577 1256 1791 1288 marcharum
1812 1265 1898 1297 quas
1918 1265 1980 1297 pro
2001 1265 2069 1289 uno
2088 1257 2130 1288 de
2151 1256 2291 1289 frustris
2314 1256 2391 1289 auri

786 1309 966 1350 praedictus
991 1310 1193 1341 Wolramus
1218 1310 1485 1341 commutaverat
1511 1309 1548 1341 in
1574 1309 1648 1341 loco
1675 1310 1899 1350 Zenoymen.‚
1921 1310 2120 1342 Olomucen.
2140 1310 2200 1349 di„
2221 1310 2288 1342 eid.
2312 1309 2392 1342 sub-

785 1365 980 1395 tractarum.
1003 1363 1058 1402 (V.
1074 1365 1123 1400 70,
1139 1372 1192 1403 ep.
1211 1365 1262 1399 91,
1277 1363 1314 1394 de
1328 1363 1408 1402 cur.)

832 1414 967 1446 12183.
985 1433 1022 1440 ·—
1033 1416 1160 1447 Alberto
1172 1416 1211 1447 el.
1228 1417 1391 1447 Patavien.
1404 1416 1567 1448 scribitur
1581 1417 1621 1448 de
1638 1417 1768 1449 eodem.
1787 1417 1840 1456 (V.
1857 1418 1908 1456 70,
1920 1426 1975 1458 ep.
1987 1418 2039 1455 92,
2055 1416 2093 1448 de
2109 1417 2190 1458 cur.)

832 1467 966 1499 12184.
985 1487 1024 1493 -
1038 1470 1162 1501 Dec-ano
1179 1470 1287 1501 veteris
1303 1469 1438 1511 Capellae
1460 1469 1679 1512 Rafisponen„
1700 1470 1768 1511 ep.i
1793 1470 2017 1511 Ratisponen.
2045 1470 2187 1508 vicario,
2209 1469 2323 1502 mand.
2352 1470 2391 1502 ut
2422 1467 2424 1470 ’

787 1524 927 1556 assistat
944 1524 1042 1555 fratri
1061 1524 1208 1555 Henrico
1223 1524 1311 1555 circa
1331 1524 1623 1564 recuperationem
1641 1532 1852 1556 summarum
1868 1525 1901 1556 et
1916 1524 2124 1556 frustrorum
2137 1523 2389 1564 praedictorum,

787 1587 873 1618 quae.
892 1578 922 1609 si
938 1577 979 1608 ab
992 1578 1140 1609 Henrico
1159 1578 1319 1617 praedicto
1333 1578 1527 1618 recuperari
1543 1586 1611 1609 non
1631 1578 1784 1618 possent,
1797 1578 1838 1610 de
1854 1577 1955 1610 bonis
1972 1577 2082 1618 ejusd.
2093 1577 2267 1609 Wolrami
2281 1584 2391 1618 usque

787 1632 829 1663 ad
844 1631 994 1662 valorem
1015 1640 1156 1662 summae
1176 1631 1249 1663 ssor.
1267 1633 1301 1662 et
1321 1631 1528 1662 frustrorum
1553 1631 1628 1663 auri
1652 1631 1892 1671 praedictorum
1916 1631 2135 1663 distrahenda
2153 1631 2185 1662 et
2202 1630 2390 1667 vendenda,

787 1685 993 1725 illorumque
1009 1685 1157 1725 pretium
1171 1685 1260 1716 dicto
1272 1685 1378 1725 priori
1394 1685 1649 1725 assignandum,
1664 1685 1707 1716 ad
1721 1693 1933 1725 manus-suas
1947 1685 2098 1725 recipere
2113 1693 2180 1716 non
2194 1684 2388 1725 postponat.

787 1739 841 1779 (V.
861 1741 910 1774 70,
928 1746 979 1778 ep.
999 1740 1050 1776 93,
1068 1738 1104 1769 de
1117 1739 1195 1777 cur.)

833 1791 848 1821 1
858 1790 967 1821 2185.
984 1810 1022 1815 —
1042 1792 1216 1823 Berlrando
1229 1803 1254 1823 s.
1272 1791 1414 1823 Marcelli
1424 1791 1525 1833 presb.
1539 1791 1636 1828 card.⁷
1650 1793 1691 1823 A.
1707 1792 1743 1823 S.
1758 1791 1868 1834 leqalo,
1882 1792 1995 1823 mand.
2010 1793 2047 1824 ut
2062 1791 2098 1823 in
2111 1791 2196 1823 locis
2211 1791 2252 1823 de
2265 1790 2392 1832 quibus

788 1847 853 1877 sibi
869 1846 1040 1877 videbitur
1058 1855 1117 1886 per
1133 1855 1169 1878 se
1182 1846 1235 1877 vel
1248 1846 1353 1877 alium
1367 1846 1448 1877 citet
1462 1846 1680 1886 Raynaldum
1691 1846 1819 1878 dictum
1836 1845 2060 1878 Passerinum
2075 1845 2134 1886 qui
2149 1853 2186 1876 se
2201 1845 2237 1876 in
2251 1844 2391 1877 Mantua

788 1900 923 1931 civitate
945 1899 1108 1931 vicarium
1129 1900 1269 1939 Imperii
1292 1899 1490 1930 nominabat
1513 1899 1603 1939 quod
1627 1899 1715 1930 infra
1740 1899 1886 1931 duorum
1911 1899 2081 1931 mensium
2104 1899 2255 1939 spatium
2277 1898 2389 1939 apost.

787 1954 982 1992 conspectui
1006 1962 1041 1984 se
1059 1954 1241 1992 proesentet
1260 1953 1322 1983 sub
1345 1961 1442 1992 poena
1459 1953 1573 1984 10000
1597 1952 1812 1984 marcharum
1829 1954 1957 1993 argenti
1982 1953 2015 1984 et
2031 1951 2230 1983 amissionis
2249 1951 2389 1992 privile-

787 2007 931 2047 giorum,
948 2008 979 2038 ot
994 2007 1083 2046 quod
1100 2007 1133 2037 in
1150 2006 1296 2046 singuiis
1313 2006 1393 2037 eccl.
1406 2015 1475 2037 suae
1492 2006 1674 2046 legationis
1686 2006 1788 2038 saciat
1801 2014 1879 2038 eum
1890 2005 2220 2037 excommunicatum
2233 2004 2389 2037 nunciati

787 2060 933 2100 publice.
951 2060 1098 2091 Additur
1113 2069 1253 2090 securus
1267 2059 1452 2090 conductus
1465 2068 1526 2099 pro
1543 2059 1634 2090 dicto
1650 2059 1846 2090 Passarino.
1865 2059 1918 2097 (V.
1937 2060 1987 2096 70,
2007 2067 2060 2098 ep.
2078 2059 2148 2096 ¹00,
2166 2057 2204 2090 de
2218 2059 2298 2098 eur.)

833 2111 967 2142 12186.
987 2132 1023 2136 -
1043 2113 1117 2144 Eid.
1137 2113 1250 2144 mand.
1273 2114 1309 2143 ut
1331 2122 1391 2152 per
1410 2121 1446 2143 se
1466 2112 1519 2143 vel
1537 2113 1642 2144 alium
1664 2112 1846 2144 Mathaeum
1861 2113 2105 2144 vicecomitem
2124 2112 2165 2143 de
2183 2111 2389 2150 Mediolano,

788 2167 845 2207 qui
861 2176 895 2198 se
910 2167 945 2198 in
961 2167 1051 2198 civit.
1068 2166 1293 2197 Mediolanen.
1309 2166 1475 2197 vicarium
1486 2165 1625 2205 imperii
1637 2165 1845 2201 nominabat,
1860 2165 1896 2197 in
1908 2165 1994 2197 locis
2008 2174 2077 2197 suae
2090 2165 2272 2206 legationis
2286 2165 2390 2198 faciat

787 2220 1116 2251 excommunicatum
1141 2219 1275 2259 publice
1301 2219 1456 2250 nunciari
1481 2219 1628 2259 singulis
1655 2219 1777 2250 diebus
1802 2219 1983 2251 dominicis
2007 2221 2041 2250 et
2066 2219 2211 2256 festivis,
2240 2218 2389 2258 pulsatis

786 2274 960 2313 campanis
978 2275 1010 2304 et
1027 2273 1176 2304 candelis
1193 2273 1355 2304 accensis.
1375 2273 1428 2311 (V.
1446 2274 1496 2310 70,
1516 2281 1568 2312 ep.
1587 2273 1655 2310 101,
1675 2272 1711 2303 de
1725 2282 1811 2309 cur.;
1830 2272 2012 2313 Raynaldi,
2028 2272 2165 2303 Annales
2178 2271 2387 2311 ecclesiastici,

788 2329 876 2362 1320,
896 2327 910 2366 ξ
926 2326 1019 2367 XII.)

833 2378 965 2409 12187.
990 2398 1028 2403 --
1045 2380 1122 2410 Eid.
1140 2381 1252 2411 mand.
1271 2381 1308 2411 ut
1328 2381 1361 2410 in
1381 2380 1476 2417 locis,
1494 2379 1534 2411 de
1552 2379 1677 2420 quibus
1694 2379 1760 2410 sibi
1780 2379 1962 2416 videbitur,
1981 2387 2042 2419 per
2060 2387 2096 2411 se
2113 2379 2167 2410 vel
2185 2379 2293 2410 alium
2309 2378 2390 2411 citet

786 2434 911 2466 Canem
931 2435 971 2466 de
987 2434 1020 2465 la
1036 2434 1132 2465 Scala
1148 2434 1205 2473 qui
1223 2442 1259 2464 se
1278 2434 1310 2464 in
1331 2433 1423 2464 civit.
1440 2434 1610 2464 Veronen.
1632 2435 1663 2464 et
1679 2433 1837 2464 districtu
1852 2433 2019 2464 vicarium
2034 2432 2175 2472 Imperii
2191 2431 2389 2464 nominabat

785 2488 875 2528 quod
892 2488 980 2519 infra
1000 2498 1020 2518 ιι
1038 2487 1220 2524 mensium,
1238 2488 1300 2518 etc.
1321 2488 1356 2518 ut
1372 2495 1413 2524 s.‚
1431 2495 1464 2518 n.
1483 2487 1591 2518 12185.
1610 2486 1666 2527 (V.
1686 2487 1736 2523 70,
1755 2495 1808 2527 ep.
1825 2487 1895 2524 102,
1914 2486 1951 2516 de
1966 2486 2046 2526 cur.)

831 2539 965 2570 12188.
987 2559 1025 2564 -
1041 2540 1115 2572 Eid.
1135 2541 1251 2571 mand.
1269 2542 1305 2571 ut
1322 2541 1446 2572 Canem
1460 2540 1501 2571 de
1519 2540 1552 2571 la
1568 2540 1666 2572 Scala
1685 2540 1785 2572 faciat
1803 2540 2136 2572 excommunicatum
2149 2538 2285 2579 publice
2301 2547 2390 2579 nun—v

784 2595 878 2626 ciari.
894 2595 948 2636 (V.
963 2597 1012 2632 70,
1029 2603 1081 2634 ep.
1099 2595 1168 2632 103,
1186 2593 1222 2624 de
1236 2593 1320 2633 cur.)

830 2646 962 2678 12189.
985 2667 1025 2672 —
1047 2648 1124 2679 Eid.
1150 2648 1264 2679 mand.
1293 2649 1331 2678 ut
1352 2647 1432 2678 citet
1454 2646 1636 2679 Mathaeum
1654 2647 1899 2679 vicecomitem
1914 2647 2005 2687 quod
2023 2647 2114 2678 infra
2132 2646 2278 2678 duorum
2293 2653 2389 2678 men-

784 2705 872 2734 sium
891 2702 1038 2742 spatium
1061 2703 1138 2742 post
1158 2701 1353 2732 citationem
1371 2700 1566 2740 hujusmodi
1588 2702 1792 2740 compareat,
1812 2700 1990 2732 subiturus
2007 2699 2266 2740 inquisitionem
2283 2707 2388 2739 super

782 2756 858 2788 labe
874 2756 1024 2792 haeresis,
1052 2755 1092 2786 de
1116 2764 1182 2795 qua
1202 2756 1382 2794 suspectus
1402 2754 1556 2791 habetur,
1573 2754 1636 2785 sub
1656 2755 1766 2794 poenis
1779 2754 1852 2794 Jam
1873 2754 1985 2786 dictis.
2009 2754 2059 2786 De
2075 2761 2194 2785 securo
2219 2752 2388 2784 conductu

782 2810 980 2849 providetur
996 2809 1087 2840 idem
1103 2808 1278 2840 Mathaeus.
1299 2808 1351 2845 (V.
1372 2809 1424 2846 70,
1442 2816 1494 2848 ep.
1513 2809 1582 2845 104,
1599 2807 1637 2838 de
1651 2807 1732 2847 cur.)

827 2860 962 2892 12190.
986 2881 1024 2886 —
1043 2862 1182 2893 Guitconi
1198 2871 1267 2902 ep.o
1292 2860 1476 2892 Urbevetan.
1498 2861 1721 2893 committitur
1740 2861 1831 2901 quod
1849 2860 1959 2900 possit
1977 2858 2139 2900 deputare
2157 2859 2308 2899 aliquam
2330 2857 2387 2890 bo·

782 2925 859 2947 nam
879 2925 1060 2956 personam
1083 2916 1208 2947 nemini
1231 2916 1422 2955 suspectam
1447 2915 1482 2945 in
1501 2916 1709 2955 potestatem
1725 2914 1874 2946 civitatis
1889 2913 2077 2946 Viterbien.
2097 2912 2151 2954 (V.
2170 2913 2221 2951 70,
2239 2920 2292 2952 ep.
2315 2913 2383 2950 110,

781 2969 817 3000 de
835 2970 914 3009 cur.)

829 3021 962 3052 12191.
979 3042 1015 3047 -
1036 3022 1211 3054 senescallo
1237 3022 1408 3054 Bellicadri
1425 3022 1538 3054 mand.
1567 3022 1605 3053 ut
1629 3030 1747 3053 omnes
1770 3021 1849 3053 illos
1866 3021 1901 3052 in
1924 3029 1986 3052 sua
2000 3018 2239 3061 jurisdictione
2257 3018 2385 3050 consis-

781 3078 902 3114 tente&
928 3077 986 3117 qui
1005 3086 1041 3109 se
1068 3076 1242 3108 nominant
1260 3076 1462 3116 pastorellos
1480 3077 1511 3107 et
1528 3076 1585 3116 qui
1612 3075 1700 3106 velle
1719 3084 1755 3106 se
1772 3075 1929 3106 asserunt
1944 3072 2176 3108 transfretare,
2194 3072 2332 3103 moneat
2349 3072 2384 3104 ot
