<?xml version="1.0" encoding="UTF-8"?>
<!DOCTYPE html PUBLIC "-//W3C//DTD XHTML 1.0 Transitional//EN"
    "http://www.w3.org/TR/xhtml1/DTD/xhtml1-transitional.dtd">
<html xmlns="http://www.w3.org/1999/xhtml" xml:lang="en" lang="en">
 <head>
  <title>
</title>
<meta http-equiv="Content-Type" content="text/html;charset=utf-8" />
  <meta name='ocr-system' content='tesseract 3.04.00' />
  <meta name='ocr-capabilities' content='ocr_page ocr_carea ocr_par ocr_line ocrx_word'/>
</head>
<body>
  <div class='ocr_page' id='page_1' title='image "./lettrescommunes03romeuoft_0335.png"; bbox 0 0 2566 3562; ppageno 0'>
   <div class='ocr_carea' id='block_1_1' title="bbox 0 0 99 3562">
    <p class='ocr_par' dir='ltr' id='par_1_1' title="bbox 0 0 99 3562">
     <span class='ocr_line' id='line_1_1' title="bbox 0 0 99 3562; baseline 0 0"><span class='ocrx_word' id='word_1_1' title='bbox 0 0 99 3562; x_wconf 95' lang='lat' dir='ltr'> </span> 
     </span>
    </p>
   </div>
   <div class='ocr_carea' id='block_1_2' title="bbox 182 409 535 445">
    <p class='ocr_par' dir='ltr' id='par_1_2' title="bbox 182 409 535 445">
     <span class='ocr_line' id='line_1_2' title="bbox 182 409 535 445; baseline -0.006 -1"><span class='ocrx_word' id='word_1_2' title='bbox 182 425 184 427; x_wconf 50' lang='lat'>&gt;</span> <span class='ocrx_word' id='word_1_3' title='bbox 229 417 332 444; x_wconf 78' lang='lat' dir='ltr'>Datum</span> <span class='ocrx_word' id='word_1_4' title='bbox 352 409 535 445; x_wconf 83' lang='lat' dir='ltr'>Avenione.</span> 
     </span>
    </p>
   </div>
   <div class='ocr_carea' id='block_1_3' title="bbox 267 623 504 740">
    <p class='ocr_par' dir='ltr' id='par_1_3' title="bbox 267 623 504 740">
     <span class='ocr_line' id='line_1_3' title="bbox 279 623 494 658; baseline -0.005 -7"><span class='ocrx_word' id='word_1_5' title='bbox 279 624 321 651; x_wconf 80' lang='lat'>20</span> <span class='ocrx_word' id='word_1_6' title='bbox 330 623 387 658; x_wconf 74' lang='lat' dir='ltr'>J&#39;ul.</span> <span class='ocrx_word' id='word_1_7' title='bbox 406 623 494 651; x_wconf 71' lang='lat'>1321.</span> 
     </span>
     <span class='ocr_line' id='line_1_4' title="bbox 267 666 504 704; baseline -0.008 -8"><span class='ocrx_word' id='word_1_8' title='bbox 267 671 335 704; x_wconf 83' lang='lat' dir='ltr'>(xm</span> <span class='ocrx_word' id='word_1_9' title='bbox 350 667 408 695; x_wconf 81' lang='lat' dir='ltr'>kal.</span> <span class='ocrx_word' id='word_1_10' title='bbox 425 666 504 703; x_wconf 79' lang='lat' dir='ltr'>aug.)</span> 
     </span>
     <span class='ocr_line' id='line_1_5' title="bbox 332 713 435 740; baseline 0 -1"><span class='ocrx_word' id='word_1_11' title='bbox 332 713 362 740; x_wconf 91' lang='lat' dir='ltr'>T.</span> <span class='ocrx_word' id='word_1_12' title='bbox 380 713 435 739; x_wconf 79' lang='lat' dir='ltr'>xl..</span> 
     </span>
    </p>
   </div>
   <div class='ocr_carea' id='block_1_4' title="bbox 284 927 489 1022">
    <p class='ocr_par' dir='ltr' id='par_1_4' title="bbox 284 927 489 1022">
     <span class='ocr_line' id='line_1_6' title="bbox 347 927 467 971; baseline -0.017 0"><span class='ocrx_word' id='word_1_13' title='bbox 347 943 383 971; x_wconf 87' lang='lat' dir='ltr'>Ut</span> <span class='ocrx_word' id='word_1_14' title='bbox 402 951 424 970; x_wconf 86' lang='lat' dir='ltr'>s.</span> <span class='ocrx_word' id='word_1_15' title='bbox 463 927 467 929; x_wconf 39' lang='grc'><em>“</em></span> 
     </span>
     <span class='ocr_line' id='line_1_7' title="bbox 284 987 489 1022; baseline -0.005 -7"><span class='ocrx_word' id='word_1_16' title='bbox 284 989 314 1015; x_wconf 92' lang='grc' dir='ltr'>Τ.</span> <span class='ocrx_word' id='word_1_17' title='bbox 333 988 403 1022; x_wconf 88' lang='lat' dir='ltr'>XIV,</span> <span class='ocrx_word' id='word_1_18' title='bbox 418 987 489 1015; x_wconf 88' lang='lat' dir='ltr'>XVI.</span> 
     </span>
    </p>
   </div>
   <div class='ocr_carea' id='block_1_5' title="bbox 219 1263 500 1350">
    <p class='ocr_par' dir='ltr' id='par_1_5' title="bbox 219 1263 500 1350">
     <span class='ocr_line' id='line_1_8' title="bbox 352 1263 430 1291; baseline -0.013 0"><span class='ocrx_word' id='word_1_19' title='bbox 352 1263 386 1291; x_wconf 87' lang='lat' dir='ltr'>Ut</span> <span class='ocrx_word' id='word_1_20' title='bbox 405 1271 430 1291; x_wconf 84' lang='lat' dir='ltr'>s.</span> 
     </span>
     <span class='ocr_line' id='line_1_9' title="bbox 219 1307 500 1350; baseline -0.004 -15"><span class='ocrx_word' id='word_1_21' title='bbox 219 1344 231 1350; x_wconf 14' lang='grc' dir='ltr'>,Υ</span> <span class='ocrx_word' id='word_1_22' title='bbox 275 1309 306 1335; x_wconf 85' lang='lat' dir='ltr'>r.</span> <span class='ocrx_word' id='word_1_23' title='bbox 328 1308 424 1341; x_wconf 84' lang='lat' dir='ltr'>xvm,</span> <span class='ocrx_word' id='word_1_24' title='bbox 444 1307 500 1334; x_wconf 84' lang='lat' dir='ltr'>xx.</span> 
     </span>
    </p>
   </div>
   <div class='ocr_carea' id='block_1_6' title="bbox 295 1583 489 1661">
    <p class='ocr_par' dir='ltr' id='par_1_6' title="bbox 295 1583 489 1661">
     <span class='ocr_line' id='line_1_10' title="bbox 354 1583 430 1610; baseline 0 0"><span class='ocrx_word' id='word_1_25' title='bbox 354 1583 390 1610; x_wconf 91' lang='lat' dir='ltr'>Ut</span> <span class='ocrx_word' id='word_1_26' title='bbox 406 1591 430 1610; x_wconf 80' lang='lat' dir='ltr'>s,</span> 
     </span>
     <span class='ocr_line' id='line_1_11' title="bbox 295 1626 489 1661; baseline 0 -7"><span class='ocrx_word' id='word_1_27' title='bbox 295 1627 326 1655; x_wconf 86' lang='lat' dir='ltr'>T.</span> <span class='ocrx_word' id='word_1_28' title='bbox 343 1627 403 1661; x_wconf 78' lang='lat' dir='ltr'>XII,</span> <span class='ocrx_word' id='word_1_29' title='bbox 418 1626 489 1654; x_wconf 88' lang='lat' dir='ltr'><strong>XIV.</strong></span> 
     </span>
    </p>
   </div>
   <div class='ocr_carea' id='block_1_7' title="bbox 331 1901 455 1973">
    <p class='ocr_par' dir='ltr' id='par_1_7' title="bbox 331 1901 455 1973">
     <span class='ocr_line' id='line_1_12' title="bbox 358 1901 434 1929; baseline -0.013 0"><span class='ocrx_word' id='word_1_30' title='bbox 358 1901 394 1929; x_wconf 83' lang='lat' dir='ltr'>Ut</span> <span class='ocrx_word' id='word_1_31' title='bbox 410 1910 434 1928; x_wconf 89' lang='lat' dir='ltr'>s.</span> 
     </span>
     <span class='ocr_line' id='line_1_13' title="bbox 331 1946 455 1973; baseline -0.008 0"><span class='ocrx_word' id='word_1_32' title='bbox 331 1947 362 1973; x_wconf 92' lang='lat' dir='ltr'>T.</span> <span class='ocrx_word' id='word_1_33' title='bbox 384 1946 455 1973; x_wconf 91' lang='lat' dir='ltr'>XVI.</span> 
     </span>
    </p>
   </div>
   <div class='ocr_carea' id='block_1_8' title="bbox 302 2061 484 2138">
    <p class='ocr_par' dir='ltr' id='par_1_8' title="bbox 302 2061 484 2138">
     <span class='ocr_line' id='line_1_14' title="bbox 357 2061 432 2088; baseline -0.013 0"><span class='ocrx_word' id='word_1_34' title='bbox 357 2061 394 2088; x_wconf 87' lang='lat' dir='ltr'>Ut</span> <span class='ocrx_word' id='word_1_35' title='bbox 409 2069 432 2087; x_wconf 87' lang='lat' dir='ltr'>s.</span> 
     </span>
     <span class='ocr_line' id='line_1_15' title="bbox 302 2105 484 2138; baseline -0.005 -6"><span class='ocrx_word' id='word_1_36' title='bbox 302 2105 333 2132; x_wconf 86' lang='lat' dir='ltr'>T.</span> <span class='ocrx_word' id='word_1_37' title='bbox 350 2105 396 2138; x_wconf 86' lang='lat' dir='ltr'>XI,</span> <span class='ocrx_word' id='word_1_38' title='bbox 412 2105 484 2132; x_wconf 87' lang='lat' dir='ltr'>XIII.</span> 
     </span>
    </p>
   </div>
   <div class='ocr_carea' id='block_1_9' title="bbox 260 2219 535 2342">
    <p class='ocr_par' dir='ltr' id='par_1_9' title="bbox 260 2219 535 2342">
     <span class='ocr_line' id='line_1_16' title="bbox 291 2219 507 2254; baseline -0.009 -6"><span class='ocrx_word' id='word_1_39' title='bbox 291 2220 328 2248; x_wconf 73' lang='lat'>21</span> <span class='ocrx_word' id='word_1_40' title='bbox 339 2220 399 2254; x_wconf 82' lang='lat' dir='ltr'>jul.</span> <span class='ocrx_word' id='word_1_41' title='bbox 418 2219 507 2247; x_wconf 73' lang='lat'>1321.</span> 
     </span>
     <span class='ocr_line' id='line_1_17' title="bbox 282 2264 512 2300; baseline -0.004 -8"><span class='ocrx_word' id='word_1_42' title='bbox 282 2265 339 2300; x_wconf 79' lang='lat' dir='ltr'>(xit</span> <span class='ocrx_word' id='word_1_43' title='bbox 354 2264 413 2292; x_wconf 83' lang='lat' dir='ltr'>kal.</span> <span class='ocrx_word' id='word_1_44' title='bbox 431 2264 512 2300; x_wconf 83' lang='lat' dir='ltr'>aug.)</span> 
     </span>
     <span class='ocr_line' id='line_1_18' title="bbox 260 2308 535 2342; baseline -0.004 -6"><span class='ocrx_word' id='word_1_45' title='bbox 260 2309 292 2337; x_wconf 79' lang='lat' dir='ltr'>T.</span> <span class='ocrx_word' id='word_1_46' title='bbox 308 2309 342 2336; x_wconf 88' lang='lat' dir='ltr'>XI</span> <span class='ocrx_word' id='word_1_47' title='bbox 358 2310 400 2341; x_wconf 70' lang='lat'>¹12,</span> <span class='ocrx_word' id='word_1_48' title='bbox 417 2308 477 2335; x_wconf 83' lang='lat' dir='ltr'>XIII</span> <span class='ocrx_word' id='word_1_49' title='bbox 493 2309 535 2342; x_wconf 83' lang='lat' dir='ltr'>¹l2·</span> 
     </span>
    </p>
   </div>
   <div class='ocr_carea' id='block_1_10' title="bbox 255 2539 545 2618">
    <p class='ocr_par' dir='ltr' id='par_1_10' title="bbox 255 2539 545 2618">
     <span class='ocr_line' id='line_1_19' title="bbox 255 2539 545 2618; baseline 0 -7"><span class='ocrx_word' id='word_1_50' title='bbox 255 2585 287 2612; x_wconf 86' lang='lat' dir='ltr'>r.</span> <span class='ocrx_word' id='word_1_51' title='bbox 305 2584 353 2611; x_wconf 91' lang='lat' dir='ltr'>x11</span> <span class='ocrx_word' id='word_1_52' title='bbox 364 2539 491 2617; x_wconf 47' lang='lat' dir='ltr'>[istfflsiuv</span> <span class='ocrx_word' id='word_1_53' title='bbox 504 2584 545 2618; x_wconf 54' lang='grc' dir='ltr'>η..</span> 
     </span>
    </p>
   </div>
   <div class='ocr_carea' id='block_1_11' title="bbox 293 2857 514 2938">
    <p class='ocr_par' dir='ltr' id='par_1_11' title="bbox 293 2857 514 2938">
     <span class='ocr_line' id='line_1_20' title="bbox 293 2857 514 2892; baseline -0.005 -6"><span class='ocrx_word' id='word_1_54' title='bbox 293 2858 335 2886; x_wconf 72' lang='lat'>24</span> <span class='ocrx_word' id='word_1_55' title='bbox 348 2858 406 2892; x_wconf 85' lang='lat' dir='ltr'>jul.</span> <span class='ocrx_word' id='word_1_56' title='bbox 425 2857 514 2886; x_wconf 73' lang='lat'>1321.</span> 
     </span>
     <span class='ocr_line' id='line_1_21' title="bbox 296 2901 514 2938; baseline -0.005 -8"><span class='ocrx_word' id='word_1_57' title='bbox 296 2905 340 2937; x_wconf 81' lang='lat' dir='ltr'>(rx</span> <span class='ocrx_word' id='word_1_58' title='bbox 357 2901 416 2930; x_wconf 80' lang='lat' dir='ltr'>kal.</span> <span class='ocrx_word' id='word_1_59' title='bbox 433 2902 514 2938; x_wconf 81' lang='lat' dir='ltr'>aug.)</span> 
     </span>
    </p>
   </div>
   <div class='ocr_carea' id='block_1_12' title="bbox 589 321 2214 364">
    <p class='ocr_par' dir='ltr' id='par_1_12' title="bbox 589 321 2214 364">
     <span class='ocr_line' id='line_1_22' title="bbox 589 321 2214 364; baseline 0.006 -11"><span class='ocrx_word' id='word_1_60' title='bbox 589 321 762 353; x_wconf 88' lang='lat' dir='ltr'>JOANNIS</span> <span class='ocrx_word' id='word_1_61' title='bbox 785 322 903 352; x_wconf 90' lang='lat' dir='ltr'>PAPAE</span> <span class='ocrx_word' id='word_1_62' title='bbox 925 323 1026 353; x_wconf 91' lang='lat' dir='ltr'>XXII.</span> <span class='ocrx_word' id='word_1_63' title='bbox 1052 325 1298 364; x_wconf 72' lang='lat'>(1316-1334).</span> <span class='ocrx_word' id='word_1_64' title='bbox 1322 343 1361 348; x_wconf 97' lang='lat'>—</span> <span class='ocrx_word' id='word_1_65' title='bbox 1383 325 1568 356; x_wconf 87' lang='lat' dir='ltr'>LITTERAE</span> <span class='ocrx_word' id='word_1_66' title='bbox 1591 326 1816 358; x_wconf 86' lang='lat' dir='ltr'><strong>COMMUNES</strong></span> <span class='ocrx_word' id='word_1_67' title='bbox 2154 332 2214 363; x_wconf 77' lang='lat'>327</span> 
     </span>
    </p>
   </div>
   <div class='ocr_carea' id='block_1_13' title="bbox 625 513 2247 3000">
    <p class='ocr_par' dir='ltr' id='par_1_13' title="bbox 625 513 2215 607">
     <span class='ocr_line' id='line_1_23' title="bbox 625 513 2215 563; baseline 0.007 -20"><span class='ocrx_word' id='word_1_68' title='bbox 625 513 834 551; x_wconf 88' lang='lat' dir='ltr'>nolhedesio,</span> <span class='ocrx_word' id='word_1_69' title='bbox 864 514 1014 545; x_wconf 90' lang='lat' dir='ltr'>Electen.</span> <span class='ocrx_word' id='word_1_70' title='bbox 1042 515 1100 552; x_wconf 92' lang='lat' dir='ltr'>di.,</span> <span class='ocrx_word' id='word_1_71' title='bbox 1118 516 1150 546; x_wconf 86' lang='lat' dir='ltr'>et</span> <span class='ocrx_word' id='word_1_72' title='bbox 1170 524 1274 556; x_wconf 86' lang='lat' dir='ltr'>praep.</span> <span class='ocrx_word' id='word_1_73' title='bbox 1301 517 1522 553; x_wconf 63' lang='lat' dir='ltr'>Avenionen„</span> <span class='ocrx_word' id='word_1_74' title='bbox 1540 527 1577 549; x_wconf 90' lang='lat' dir='ltr'>ac</span> <span class='ocrx_word' id='word_1_75' title='bbox 1603 519 1752 550; x_wconf 75' lang='lat' dir='ltr'>sacristae</span> <span class='ocrx_word' id='word_1_76' title='bbox 1774 520 1966 552; x_wconf 90' lang='lat' dir='ltr'>Narbonen.</span> <span class='ocrx_word' id='word_1_77' title='bbox 1987 522 2068 553; x_wconf 89' lang='lat' dir='ltr'>eccl.</span> <span class='ocrx_word' id='word_1_78' title='bbox 2094 522 2148 563; x_wconf 83' lang='lat' dir='ltr'>(A.</span> <span class='ocrx_word' id='word_1_79' title='bbox 2167 524 2215 560; x_wconf 81' lang='grc'>15,</span> 
     </span>
     <span class='ocr_line' id='line_1_24' title="bbox 625 566 1089 607; baseline -0.002 -9"><span class='ocrx_word' id='word_1_80' title='bbox 625 567 649 599; x_wconf 85' lang='lat' dir='ltr'>f.</span> <span class='ocrx_word' id='word_1_81' title='bbox 663 568 724 598; x_wconf 78' lang='grc'>469</span> <span class='ocrx_word' id='word_1_82' title='bbox 737 572 772 603; x_wconf 76' lang='grc'>·;</span> <span class='ocrx_word' id='word_1_83' title='bbox 792 566 825 598; x_wconf 90' lang='lat' dir='ltr'>V.</span> <span class='ocrx_word' id='word_1_84' title='bbox 843 568 893 604; x_wconf 87' lang='lat'>72,</span> <span class='ocrx_word' id='word_1_85' title='bbox 911 575 962 606; x_wconf 92' lang='lat' dir='ltr'>ep.</span> <span class='ocrx_word' id='word_1_86' title='bbox 982 569 1089 607; x_wconf 87' lang='grc'>1536.)</span> 
     </span>
    </p>

    <p class='ocr_par' dir='ltr' id='par_1_14' title="bbox 627 617 2220 926">
     <span class='ocr_line' id='line_1_25' title="bbox 672 617 2215 666; baseline 0.006 -16"><span class='ocrx_word' id='word_1_87' title='bbox 672 617 808 650; x_wconf 88' lang='grc'>13860.</span> <span class='ocrx_word' id='word_1_88' title='bbox 824 637 863 642; x_wconf 93' lang='grc'>-</span> <span class='ocrx_word' id='word_1_89' title='bbox 886 619 1088 651; x_wconf 87' lang='lat' dir='ltr'>Habilitatio</span> <span class='ocrx_word' id='word_1_90' title='bbox 1112 621 1154 651; x_wconf 91' lang='lat' dir='ltr'>ad</span> <span class='ocrx_word' id='word_1_91' title='bbox 1181 621 1348 652; x_wconf 85' lang='lat' dir='ltr'><strong>cautelam</strong></span> <span class='ocrx_word' id='word_1_92' title='bbox 1376 623 1419 653; x_wconf 91' lang='lat' dir='ltr'>ad</span> <span class='ocrx_word' id='word_1_93' title='bbox 1448 623 1681 663; x_wconf 87' lang='lat' dir='ltr'>quodcumque</span> <span class='ocrx_word' id='word_1_94' title='bbox 1709 625 1764 656; x_wconf 88' lang='lat' dir='ltr'>off.</span> <span class='ocrx_word' id='word_1_95' title='bbox 1781 626 1835 656; x_wconf 86' lang='lat' dir='ltr'>vel</span> <span class='ocrx_word' id='word_1_96' title='bbox 1853 625 1964 658; x_wconf 86' lang='lat' dir='ltr'>benef.</span> <span class='ocrx_word' id='word_1_97' title='bbox 1983 627 2215 666; x_wconf 88' lang='lat' dir='ltr'>obtinendum,</span> 
     </span>
     <span class='ocr_line' id='line_1_26' title="bbox 627 673 2215 717; baseline 0.006 -14"><span class='ocrx_word' id='word_1_98' title='bbox 627 673 762 704; x_wconf 88' lang='lat' dir='ltr'>etiamsi</span> <span class='ocrx_word' id='word_1_99' title='bbox 779 673 944 709; x_wconf 81' lang='lat' dir='ltr'>curatum,</span> <span class='ocrx_word' id='word_1_100' title='bbox 964 673 1019 703; x_wconf 88' lang='lat' dir='ltr'>vel</span> <span class='ocrx_word' id='word_1_101' title='bbox 1036 674 1256 704; x_wconf 80' lang='lat' dir='ltr'>conventuale</span> <span class='ocrx_word' id='word_1_102' title='bbox 1273 683 1333 705; x_wconf 88' lang='lat' dir='ltr'>seu</span> <span class='ocrx_word' id='word_1_103' title='bbox 1351 675 1442 714; x_wconf 84' lang='lat' dir='ltr'>dign.</span> <span class='ocrx_word' id='word_1_104' title='bbox 1458 676 1596 714; x_wconf 82' lang='lat' dir='ltr'>existat,</span> <span class='ocrx_word' id='word_1_105' title='bbox 1612 677 1728 707; x_wconf 76' lang='lat' dir='ltr'>Jocmm&#39;</span> <span class='ocrx_word' id='word_1_106' title='bbox 1740 677 1776 708; x_wconf 84' lang='lat' dir='ltr'>de</span> <span class='ocrx_word' id='word_1_107' title='bbox 1790 678 1948 717; x_wconf 79' lang='lat' dir='ltr'>Pomeriis,</span> <span class='ocrx_word' id='word_1_108' title='bbox 1964 689 2053 711; x_wconf 91' lang='lat' dir='ltr'>mon.</span> <span class='ocrx_word' id='word_1_109' title='bbox 2072 682 2215 711; x_wconf 89' lang='lat' dir='ltr'>monast.</span> 
     </span>
     <span class='ocr_line' id='line_1_27' title="bbox 627 725 2217 770; baseline 0.004 -13"><span class='ocrx_word' id='word_1_110' title='bbox 627 735 654 757; x_wconf 89' lang='lat' dir='ltr'>s.</span> <span class='ocrx_word' id='word_1_111' title='bbox 672 725 852 758; x_wconf 84' lang='lat' dir='ltr'>Michaelis</span> <span class='ocrx_word' id='word_1_112' title='bbox 874 725 914 756; x_wconf 89' lang='lat' dir='ltr'>de</span> <span class='ocrx_word' id='word_1_113' title='bbox 938 725 1053 763; x_wconf 87' lang='lat' dir='ltr'>Clusa,</span> <span class='ocrx_word' id='word_1_114' title='bbox 1081 726 1120 757; x_wconf 92' lang='lat' dir='ltr'>O.</span> <span class='ocrx_word' id='word_1_115' title='bbox 1138 726 1172 757; x_wconf 83' lang='lat' dir='ltr'>S.</span> <span class='ocrx_word' id='word_1_116' title='bbox 1190 727 1242 763; x_wconf 89' lang='grc' dir='ltr'>Β.,</span> <span class='ocrx_word' id='word_1_117' title='bbox 1270 727 1450 758; x_wconf 88' lang='lat' dir='ltr'>Taurinen.</span> <span class='ocrx_word' id='word_1_118' title='bbox 1480 728 1538 765; x_wconf 90' lang='lat' dir='ltr'>di.,</span> <span class='ocrx_word' id='word_1_119' title='bbox 1557 729 1615 768; x_wconf 90' lang='lat' dir='ltr'>qui</span> <span class='ocrx_word' id='word_1_120' title='bbox 1633 730 1668 760; x_wconf 90' lang='lat' dir='ltr'>in</span> <span class='ocrx_word' id='word_1_121' title='bbox 1682 731 1779 761; x_wconf 79' lang='lat' dir='ltr'>aetate</span> <span class='ocrx_word' id='word_1_122' title='bbox 1797 731 1949 770; x_wconf 87' lang='lat' dir='ltr'>legitima</span> <span class='ocrx_word' id='word_1_123' title='bbox 1975 741 2041 763; x_wconf 89' lang='lat' dir='ltr'>non</span> <span class='ocrx_word' id='word_1_124' title='bbox 2067 733 2217 764; x_wconf 81' lang='lat' dir='ltr'>existens</span> 
     </span>
     <span class='ocr_line' id='line_1_28' title="bbox 627 778 2219 824; baseline 0.004 -15"><span class='ocrx_word' id='word_1_125' title='bbox 627 780 816 819; x_wconf 84' lang='lat' dir='ltr'>prioratum</span> <span class='ocrx_word' id='word_1_126' title='bbox 845 778 1104 810; x_wconf 82' lang='lat' dir='ltr'>conventualem</span> <span class='ocrx_word' id='word_1_127' title='bbox 1125 779 1165 809; x_wconf 91' lang='lat' dir='ltr'>de</span> <span class='ocrx_word' id='word_1_128' title='bbox 1189 779 1327 810; x_wconf 85' lang='lat' dir='ltr'>Catusio</span> <span class='ocrx_word' id='word_1_129' title='bbox 1355 788 1382 810; x_wconf 86' lang='lat' dir='ltr'>c.</span> <span class='ocrx_word' id='word_1_130' title='bbox 1401 789 1427 810; x_wconf 87' lang='lat' dir='ltr'>c.</span> <span class='ocrx_word' id='word_1_131' title='bbox 1445 780 1525 811; x_wconf 90' lang='lat' dir='ltr'>dicti</span> <span class='ocrx_word' id='word_1_132' title='bbox 1550 782 1635 818; x_wconf 65' lang='lat' dir='ltr'>ord„</span> <span class='ocrx_word' id='word_1_133' title='bbox 1651 782 1826 814; x_wconf 90' lang='lat' dir='ltr'>Caturcen.</span> <span class='ocrx_word' id='word_1_134' title='bbox 1846 784 1903 820; x_wconf 89' lang='lat' dir='ltr'>di.,</span> <span class='ocrx_word' id='word_1_135' title='bbox 1922 793 1981 823; x_wconf 91' lang='lat' dir='ltr'>per</span> <span class='ocrx_word' id='word_1_136' title='bbox 1996 785 2071 815; x_wconf 84' lang='lat' dir='ltr'>abb.</span> <span class='ocrx_word' id='word_1_137' title='bbox 2088 786 2219 824; x_wconf 80' lang='lat' dir='ltr'>praefati</span> 
     </span>
     <span class='ocr_line' id='line_1_29' title="bbox 628 831 2220 877; baseline 0.004 -14"><span class='ocrx_word' id='word_1_138' title='bbox 628 832 840 869; x_wconf 87' lang='lat' dir='ltr'>monasterii,</span> <span class='ocrx_word' id='word_1_139' title='bbox 870 832 912 862; x_wconf 89' lang='lat' dir='ltr'>ad</span> <span class='ocrx_word' id='word_1_140' title='bbox 930 840 1030 871; x_wconf 88' lang='lat' dir='ltr'>quem</span> <span class='ocrx_word' id='word_1_141' title='bbox 1059 831 1171 862; x_wconf 89' lang='lat' dir='ltr'>collat.</span> <span class='ocrx_word' id='word_1_142' title='bbox 1196 831 1278 862; x_wconf 86' lang='lat' dir='ltr'>dicti</span> <span class='ocrx_word' id='word_1_143' title='bbox 1296 832 1466 871; x_wconf 81' lang='lat' dir='ltr'>prioratus</span> <span class='ocrx_word' id='word_1_144' title='bbox 1492 834 1647 872; x_wconf 82' lang='lat' dir='ltr'>pertinet,</span> <span class='ocrx_word' id='word_1_145' title='bbox 1673 835 1740 873; x_wconf 88' lang='lat' dir='ltr'>ipsi</span> <span class='ocrx_word' id='word_1_146' title='bbox 1766 835 1924 867; x_wconf 90' lang='lat' dir='ltr'>collatum</span> <span class='ocrx_word' id='word_1_147' title='bbox 1949 838 2085 876; x_wconf 90' lang='lat' dir='ltr'>recepit,</span> <span class='ocrx_word' id='word_1_148' title='bbox 2103 840 2135 869; x_wconf 86' lang='lat' dir='ltr'>et</span> <span class='ocrx_word' id='word_1_149' title='bbox 2161 847 2220 877; x_wconf 91' lang='lat' dir='ltr'>per</span> 
     </span>
     <span class='ocr_line' id='line_1_30' title="bbox 628 884 1733 926; baseline 0 -10"><span class='ocrx_word' id='word_1_150' title='bbox 628 896 648 916; x_wconf 87' lang='lat' dir='ltr'>x</span> <span class='ocrx_word' id='word_1_151' title='bbox 661 894 766 918; x_wconf 88' lang='lat' dir='ltr'>annos</span> <span class='ocrx_word' id='word_1_152' title='bbox 787 885 935 916; x_wconf 84' lang='lat' dir='ltr'>indebite</span> <span class='ocrx_word' id='word_1_153' title='bbox 951 885 1109 916; x_wconf 88' lang='lat' dir='ltr'>detinuit.</span> <span class='ocrx_word' id='word_1_154' title='bbox 1130 884 1182 922; x_wconf 89' lang='lat' dir='ltr'>(A.</span> <span class='ocrx_word' id='word_1_155' title='bbox 1202 886 1250 920; x_wconf 83' lang='grc'>15,</span> <span class='ocrx_word' id='word_1_156' title='bbox 1271 885 1294 915; x_wconf 86' lang='lat' dir='ltr'>f.</span> <span class='ocrx_word' id='word_1_157' title='bbox 1309 887 1366 916; x_wconf 76' lang='grc'>471</span> <span class='ocrx_word' id='word_1_158' title='bbox 1384 885 1416 922; x_wconf 75' lang='lat'>¹³3</span> <span class='ocrx_word' id='word_1_159' title='bbox 1437 885 1470 915; x_wconf 91' lang='lat' dir='ltr'>V.</span> <span class='ocrx_word' id='word_1_160' title='bbox 1488 888 1538 921; x_wconf 86' lang='lat'>72,</span> <span class='ocrx_word' id='word_1_161' title='bbox 1558 895 1610 925; x_wconf 92' lang='lat' dir='ltr'>ep.</span> <span class='ocrx_word' id='word_1_162' title='bbox 1629 887 1733 926; x_wconf 85' lang='grc'>1577.)</span> 
     </span>
    </p>

    <p class='ocr_par' dir='ltr' id='par_1_15' title="bbox 629 936 2225 1245">
     <span class='ocr_line' id='line_1_31' title="bbox 674 936 2220 975; baseline 0.005 -8"><span class='ocrx_word' id='word_1_163' title='bbox 674 936 811 968; x_wconf 86' lang='grc'>13861.</span> <span class='ocrx_word' id='word_1_164' title='bbox 828 956 867 961; x_wconf 92' lang='lat'><em>-</em></span> <span class='ocrx_word' id='word_1_165' title='bbox 896 938 1002 968; x_wconf 84' lang='lat' dir='ltr'>Dictus</span> <span class='ocrx_word' id='word_1_166' title='bbox 1027 938 1160 969; x_wconf 83' lang='lat' dir='ltr'>Joannes</span> <span class='ocrx_word' id='word_1_167' title='bbox 1186 938 1390 968; x_wconf 85' lang='lat' dir='ltr'>transfertur</span> <span class='ocrx_word' id='word_1_168' title='bbox 1406 947 1423 969; x_wconf 88' lang='lat' dir='ltr'>e</span> <span class='ocrx_word' id='word_1_169' title='bbox 1436 940 1581 969; x_wconf 87' lang='lat' dir='ltr'>monast.</span> <span class='ocrx_word' id='word_1_170' title='bbox 1603 948 1630 969; x_wconf 91' lang='lat' dir='ltr'>s.</span> <span class='ocrx_word' id='word_1_171' title='bbox 1650 939 1825 973; x_wconf 85' lang='lat' dir='ltr'>Michaelis</span> <span class='ocrx_word' id='word_1_172' title='bbox 1851 942 1891 972; x_wconf 89' lang='lat' dir='ltr'>de</span> <span class='ocrx_word' id='word_1_173' title='bbox 1905 942 2007 973; x_wconf 87' lang='lat' dir='ltr'>Clusa</span> <span class='ocrx_word' id='word_1_174' title='bbox 2021 943 2063 973; x_wconf 89' lang='lat' dir='ltr'>ad</span> <span class='ocrx_word' id='word_1_175' title='bbox 2077 946 2220 975; x_wconf 88' lang='lat' dir='ltr'>monast.</span> 
     </span>
     <span class='ocr_line' id='line_1_32' title="bbox 630 991 2220 1034; baseline 0.003 -11"><span class='ocrx_word' id='word_1_176' title='bbox 630 1001 657 1023; x_wconf 89' lang='lat' dir='ltr'>s.</span> <span class='ocrx_word' id='word_1_177' title='bbox 677 992 843 1024; x_wconf 87' lang='lat' dir='ltr'>Florentii</span> <span class='ocrx_word' id='word_1_178' title='bbox 856 992 896 1022; x_wconf 87' lang='lat' dir='ltr'>de</span> <span class='ocrx_word' id='word_1_179' title='bbox 912 991 1091 1027; x_wconf 85' lang='lat' dir='ltr'>Saumuro,</span> <span class='ocrx_word' id='word_1_180' title='bbox 1110 991 1218 1030; x_wconf 86' lang='lat' dir='ltr'>ejusd.</span> <span class='ocrx_word' id='word_1_181' title='bbox 1233 991 1318 1027; x_wconf 59' lang='lat' dir='ltr'>ord„</span> <span class='ocrx_word' id='word_1_182' title='bbox 1333 991 1547 1030; x_wconf 86' lang='lat' dir='ltr'>Andegaven.</span> <span class='ocrx_word' id='word_1_183' title='bbox 1565 992 1623 1028; x_wconf 86' lang='lat' dir='ltr'>di.,</span> <span class='ocrx_word' id='word_1_184' title='bbox 1642 992 1704 1022; x_wconf 89' lang='lat' dir='ltr'>sub</span> <span class='ocrx_word' id='word_1_185' title='bbox 1720 1001 1817 1032; x_wconf 83' lang='lat' dir='ltr'>exsp.</span> <span class='ocrx_word' id='word_1_186' title='bbox 1833 994 2025 1031; x_wconf 84' lang='lat' dir='ltr'>decanatus,</span> <span class='ocrx_word' id='word_1_187' title='bbox 2039 996 2220 1034; x_wconf 85' lang='lat' dir='ltr'>prioratus,</span> 
     </span>
     <span class='ocr_line' id='line_1_33' title="bbox 629 1044 2224 1085; baseline 0.003 -9"><span class='ocrx_word' id='word_1_188' title='bbox 629 1046 874 1085; x_wconf 86' lang='lat' dir='ltr'>praepositurae,</span> <span class='ocrx_word' id='word_1_189' title='bbox 901 1045 955 1076; x_wconf 87' lang='lat' dir='ltr'>off.</span> <span class='ocrx_word' id='word_1_190' title='bbox 983 1044 1038 1076; x_wconf 90' lang='lat' dir='ltr'>vel</span> <span class='ocrx_word' id='word_1_191' title='bbox 1061 1044 1173 1075; x_wconf 86' lang='lat' dir='ltr'>benef.</span> <span class='ocrx_word' id='word_1_192' title='bbox 1201 1053 1229 1075; x_wconf 90' lang='lat' dir='ltr'>c.</span> <span class='ocrx_word' id='word_1_193' title='bbox 1249 1053 1277 1074; x_wconf 88' lang='lat' dir='ltr'>c.</span> <span class='ocrx_word' id='word_1_194' title='bbox 1295 1044 1349 1074; x_wconf 88' lang='lat' dir='ltr'>vel</span> <span class='ocrx_word' id='word_1_195' title='bbox 1383 1053 1410 1074; x_wconf 88' lang='lat' dir='ltr'>s.</span> <span class='ocrx_word' id='word_1_196' title='bbox 1428 1053 1455 1075; x_wconf 87' lang='lat' dir='ltr'>c.</span> <span class='ocrx_word' id='word_1_197' title='bbox 1482 1044 1618 1075; x_wconf 89' lang='lat' dir='ltr'>etiamsi</span> <span class='ocrx_word' id='word_1_198' title='bbox 1643 1046 1875 1077; x_wconf 82' lang='lat' dir='ltr'>conventualis</span> <span class='ocrx_word' id='word_1_199' title='bbox 1903 1047 2016 1083; x_wconf 85' lang='lat' dir='ltr'>fuerit,</span> <span class='ocrx_word' id='word_1_200' title='bbox 2042 1049 2083 1079; x_wconf 86' lang='lat' dir='ltr'>ad</span> <span class='ocrx_word' id='word_1_201' title='bbox 2100 1048 2175 1079; x_wconf 87' lang='lat' dir='ltr'>abb.</span> <span class='ocrx_word' id='word_1_202' title='bbox 2191 1051 2224 1080; x_wconf 94' lang='lat' dir='ltr'>et</span> 
     </span>
     <span class='ocr_line' id='line_1_34' title="bbox 631 1097 2225 1140; baseline 0.002 -10"><span class='ocrx_word' id='word_1_203' title='bbox 631 1108 725 1130; x_wconf 90' lang='lat' dir='ltr'>conv.</span> <span class='ocrx_word' id='word_1_204' title='bbox 755 1098 888 1138; x_wconf 81' lang='lat' dir='ltr'>praefati</span> <span class='ocrx_word' id='word_1_205' title='bbox 914 1099 1060 1129; x_wconf 83' lang='lat' dir='ltr'>monast.</span> <span class='ocrx_word' id='word_1_206' title='bbox 1088 1107 1116 1128; x_wconf 91' lang='lat' dir='ltr'>s.</span> <span class='ocrx_word' id='word_1_207' title='bbox 1132 1097 1298 1129; x_wconf 88' lang='lat' dir='ltr'>Florentii</span> <span class='ocrx_word' id='word_1_208' title='bbox 1323 1097 1539 1128; x_wconf 89' lang='lat' dir='ltr'>collationem</span> <span class='ocrx_word' id='word_1_209' title='bbox 1564 1098 1685 1137; x_wconf 90' lang='lat' dir='ltr'>pertin.</span> <span class='ocrx_word' id='word_1_210' title='bbox 1705 1117 1741 1121; x_wconf 97' lang='lat'><strong>—</strong></span> <span class='ocrx_word' id='word_1_211' title='bbox 1767 1099 1794 1129; x_wconf 93' lang='grc' dir='ltr'>Ι.</span> <span class='ocrx_word' id='word_1_212' title='bbox 1812 1108 1840 1130; x_wconf 88' lang='lat' dir='ltr'>e.</span> <span class='ocrx_word' id='word_1_213' title='bbox 1861 1108 1906 1130; x_wconf 92' lang='lat' dir='ltr'>m.</span> <span class='ocrx_word' id='word_1_214' title='bbox 1923 1109 2027 1140; x_wconf 86' lang='lat' dir='ltr'>praep.</span> <span class='ocrx_word' id='word_1_215' title='bbox 2043 1110 2070 1132; x_wconf 91' lang='lat' dir='ltr'>s.</span> <span class='ocrx_word' id='word_1_216' title='bbox 2088 1102 2225 1133; x_wconf 88' lang='lat' dir='ltr'>Martini</span> 
     </span>
     <span class='ocr_line' id='line_1_35' title="bbox 631 1151 2224 1190; baseline 0 -6"><span class='ocrx_word' id='word_1_217' title='bbox 631 1153 816 1190; x_wconf 88' lang='lat' dir='ltr'>Turonen.‚</span> <span class='ocrx_word' id='word_1_218' title='bbox 833 1153 865 1184; x_wconf 91' lang='lat' dir='ltr'>et</span> <span class='ocrx_word' id='word_1_219' title='bbox 884 1151 1009 1183; x_wconf 80' lang='lat' dir='ltr'>archid.</span> <span class='ocrx_word' id='word_1_220' title='bbox 1037 1151 1244 1183; x_wconf 88' lang='lat' dir='ltr'>Montalden.</span> <span class='ocrx_word' id='word_1_221' title='bbox 1262 1153 1449 1190; x_wconf 85' lang='lat' dir='ltr'>Agennen.‚</span> <span class='ocrx_word' id='word_1_222' title='bbox 1469 1159 1507 1181; x_wconf 88' lang='lat' dir='ltr'>ac</span> <span class='ocrx_word' id='word_1_223' title='bbox 1530 1151 1712 1182; x_wconf 90' lang='lat' dir='ltr'>Ademario</span> <span class='ocrx_word' id='word_1_224' title='bbox 1737 1151 1888 1188; x_wconf 88' lang='lat' dir='ltr'>Roberti,</span> <span class='ocrx_word' id='word_1_225' title='bbox 1906 1161 1977 1184; x_wconf 88' lang='lat' dir='ltr'>can.</span> <span class='ocrx_word' id='word_1_226' title='bbox 1993 1153 2224 1186; x_wconf 88' lang='lat' dir='ltr'>Constantien.</span> 
     </span>
     <span class='ocr_line' id='line_1_36' title="bbox 632 1203 1340 1245; baseline -0.004 -8"><span class='ocrx_word' id='word_1_227' title='bbox 632 1206 713 1237; x_wconf 89' lang='lat' dir='ltr'>eccl.</span> <span class='ocrx_word' id='word_1_228' title='bbox 733 1206 787 1245; x_wconf 87' lang='lat' dir='ltr'>(A.</span> <span class='ocrx_word' id='word_1_229' title='bbox 807 1206 855 1242; x_wconf 88' lang='grc'>15,</span> <span class='ocrx_word' id='word_1_230' title='bbox 874 1205 898 1236; x_wconf 84' lang='lat' dir='ltr'>f.</span> <span class='ocrx_word' id='word_1_231' title='bbox 912 1206 972 1237; x_wconf 88' lang='grc'>506</span> <span class='ocrx_word' id='word_1_232' title='bbox 987 1210 1018 1242; x_wconf 70' lang='lat'>⁸3</span> <span class='ocrx_word' id='word_1_233' title='bbox 1042 1204 1075 1234; x_wconf 91' lang='lat' dir='ltr'>V.</span> <span class='ocrx_word' id='word_1_234' title='bbox 1092 1205 1142 1241; x_wconf 83' lang='grc'>72,</span> <span class='ocrx_word' id='word_1_235' title='bbox 1160 1213 1213 1243; x_wconf 89' lang='lat' dir='ltr'>ep.</span> <span class='ocrx_word' id='word_1_236' title='bbox 1235 1203 1340 1243; x_wconf 86' lang='lat'>1578.)</span> 
     </span>
    </p>

    <p class='ocr_par' dir='ltr' id='par_1_16' title="bbox 633 1255 2229 1566">
     <span class='ocr_line' id='line_1_37' title="bbox 679 1255 2225 1299; baseline 0.003 -12"><span class='ocrx_word' id='word_1_237' title='bbox 679 1255 814 1287; x_wconf 78' lang='lat'>13862.</span> <span class='ocrx_word' id='word_1_238' title='bbox 835 1276 873 1281; x_wconf 91' lang='lat'>—</span> <span class='ocrx_word' id='word_1_239' title='bbox 888 1258 928 1289; x_wconf 90' lang='lat' dir='ltr'>N.</span> <span class='ocrx_word' id='word_1_240' title='bbox 954 1267 983 1288; x_wconf 88' lang='lat' dir='ltr'>v.</span> <span class='ocrx_word' id='word_1_241' title='bbox 1012 1257 1158 1288; x_wconf 74' lang='lat' dir='ltr'>Galtlzero</span> <span class='ocrx_word' id='word_1_242' title='bbox 1180 1256 1217 1287; x_wconf 82' lang='lat' dir='ltr'>de</span> <span class='ocrx_word' id='word_1_243' title='bbox 1244 1256 1439 1292; x_wconf 60' lang='lat' dir='ltr'>efflatione,</span> <span class='ocrx_word' id='word_1_244' title='bbox 1455 1257 1571 1288; x_wconf 90' lang='lat' dir='ltr'>comiti</span> <span class='ocrx_word' id='word_1_245' title='bbox 1592 1258 1760 1295; x_wconf 87' lang='lat' dir='ltr'>Porcien.,</span> <span class='ocrx_word' id='word_1_246' title='bbox 1776 1259 2047 1290; x_wconf 87' lang='lat' dir='ltr'>conestabulario</span> <span class='ocrx_word' id='word_1_247' title='bbox 2064 1260 2225 1299; x_wconf 89' lang='lat' dir='ltr'>Franciae‚</span> 
     </span>
     <span class='ocr_line' id='line_1_38' title="bbox 633 1310 2228 1352; baseline 0.001 -9"><span class='ocrx_word' id='word_1_248' title='bbox 633 1312 796 1352; x_wconf 82' lang='lat' dir='ltr'>indulget.</span> <span class='ocrx_word' id='word_1_249' title='bbox 815 1312 852 1342; x_wconf 89' lang='lat' dir='ltr'>ut</span> <span class='ocrx_word' id='word_1_250' title='bbox 874 1311 1054 1351; x_wconf 90' lang='lat' dir='ltr'>Philippus</span> <span class='ocrx_word' id='word_1_251' title='bbox 1072 1311 1112 1342; x_wconf 90' lang='lat' dir='ltr'>de</span> <span class='ocrx_word' id='word_1_252' title='bbox 1137 1310 1266 1350; x_wconf 86' lang='lat' dir='ltr'>Plancy</span> <span class='ocrx_word' id='word_1_253' title='bbox 1288 1310 1522 1350; x_wconf 68' lang='lat' dir='ltr'>consanguin„</span> <span class='ocrx_word' id='word_1_254' title='bbox 1550 1310 1779 1342; x_wconf 85' lang='lat' dir='ltr'>Gaudefridus</span> <span class='ocrx_word' id='word_1_255' title='bbox 1800 1312 1840 1343; x_wconf 90' lang='lat' dir='ltr'>de</span> <span class='ocrx_word' id='word_1_256' title='bbox 1869 1312 2042 1350; x_wconf 90' lang='lat' dir='ltr'>Villerzis,</span> <span class='ocrx_word' id='word_1_257' title='bbox 2060 1313 2228 1344; x_wconf 88' lang='lat' dir='ltr'>Robertus</span> 
     </span>
     <span class='ocr_line' id='line_1_39' title="bbox 634 1363 2229 1405; baseline 0 -9"><span class='ocrx_word' id='word_1_258' title='bbox 634 1366 675 1396; x_wconf 92' lang='lat' dir='ltr'>de</span> <span class='ocrx_word' id='word_1_259' title='bbox 690 1366 889 1405; x_wconf 88' lang='lat' dir='ltr'>Douguerre</span> <span class='ocrx_word' id='word_1_260' title='bbox 904 1366 937 1396; x_wconf 91' lang='lat' dir='ltr'>et</span> <span class='ocrx_word' id='word_1_261' title='bbox 959 1365 1108 1396; x_wconf 87' lang='lat' dir='ltr'>Joannes</span> <span class='ocrx_word' id='word_1_262' title='bbox 1124 1364 1164 1395; x_wconf 87' lang='lat' dir='ltr'>de</span> <span class='ocrx_word' id='word_1_263' title='bbox 1190 1363 1348 1399; x_wconf 89' lang='lat' dir='ltr'>Brebam,</span> <span class='ocrx_word' id='word_1_264' title='bbox 1365 1363 1553 1394; x_wconf 87' lang='lat' dir='ltr'>consiliarii</span> <span class='ocrx_word' id='word_1_265' title='bbox 1569 1365 1601 1394; x_wconf 88' lang='lat' dir='ltr'>et</span> <span class='ocrx_word' id='word_1_266' title='bbox 1616 1372 1702 1403; x_wconf 61' lang='lat' dir='ltr'>cap„</span> <span class='ocrx_word' id='word_1_267' title='bbox 1719 1364 1826 1396; x_wconf 85' lang='lat' dir='ltr'>famil.</span> <span class='ocrx_word' id='word_1_268' title='bbox 1842 1374 2024 1396; x_wconf 90' lang='lat' dir='ltr'>commens.</span> <span class='ocrx_word' id='word_1_269' title='bbox 2044 1366 2126 1404; x_wconf 76' lang='lat' dir='ltr'>eius,</span> <span class='ocrx_word' id='word_1_270' title='bbox 2144 1366 2229 1396; x_wconf 84' lang='lat' dir='ltr'>fruc-</span> 
     </span>
     <span class='ocr_line' id='line_1_40' title="bbox 634 1416 2225 1458; baseline 0 -9"><span class='ocrx_word' id='word_1_271' title='bbox 634 1421 690 1450; x_wconf 88' lang='lat' dir='ltr'>tus</span> <span class='ocrx_word' id='word_1_272' title='bbox 707 1418 861 1449; x_wconf 90' lang='lat' dir='ltr'>omnium</span> <span class='ocrx_word' id='word_1_273' title='bbox 877 1418 989 1449; x_wconf 88' lang='lat' dir='ltr'>benef.</span> <span class='ocrx_word' id='word_1_274' title='bbox 1019 1426 1159 1448; x_wconf 88' lang='lat' dir='ltr'>suorum</span> <span class='ocrx_word' id='word_1_275' title='bbox 1182 1417 1310 1456; x_wconf 89' lang='lat' dir='ltr'>absque</span> <span class='ocrx_word' id='word_1_276' title='bbox 1332 1416 1519 1447; x_wconf 84' lang='lat' dir='ltr'>residentia</span> <span class='ocrx_word' id='word_1_277' title='bbox 1543 1417 1584 1447; x_wconf 90' lang='lat' dir='ltr'>ad</span> <span class='ocrx_word' id='word_1_278' title='bbox 1600 1417 1784 1448; x_wconf 88' lang='lat' dir='ltr'>triennium</span> <span class='ocrx_word' id='word_1_279' title='bbox 1802 1418 1973 1458; x_wconf 89' lang='lat' dir='ltr'>percipere</span> <span class='ocrx_word' id='word_1_280' title='bbox 1988 1418 2131 1449; x_wconf 88' lang='lat' dir='ltr'>valeant.</span> <span class='ocrx_word' id='word_1_281' title='bbox 2145 1436 2184 1441; x_wconf 92' lang='lat'><strong>—</strong></span> <span class='ocrx_word' id='word_1_282' title='bbox 2198 1419 2225 1450; x_wconf 95' lang='grc' dir='ltr'>Ι.</span> 
     </span>
     <span class='ocr_line' id='line_1_41' title="bbox 635 1469 2229 1511; baseline 0 -8"><span class='ocrx_word' id='word_1_283' title='bbox 635 1480 665 1503; x_wconf 87' lang='lat' dir='ltr'>e.</span> <span class='ocrx_word' id='word_1_284' title='bbox 682 1480 728 1503; x_wconf 90' lang='lat' dir='ltr'>m.</span> <span class='ocrx_word' id='word_1_285' title='bbox 746 1480 775 1502; x_wconf 88' lang='lat' dir='ltr'>s.</span> <span class='ocrx_word' id='word_1_286' title='bbox 792 1470 954 1511; x_wconf 90' lang='lat' dir='ltr'>Dionysii</span> <span class='ocrx_word' id='word_1_287' title='bbox 969 1471 1144 1506; x_wconf 87' lang='lat' dir='ltr'>Leodien.,</span> <span class='ocrx_word' id='word_1_288' title='bbox 1161 1479 1198 1501; x_wconf 87' lang='lat' dir='ltr'>ac</span> <span class='ocrx_word' id='word_1_289' title='bbox 1214 1479 1243 1501; x_wconf 86' lang='lat' dir='ltr'>s.</span> <span class='ocrx_word' id='word_1_290' title='bbox 1266 1469 1508 1510; x_wconf 76' lang='lat' dir='ltr'>symphoriani</span> <span class='ocrx_word' id='word_1_291' title='bbox 1526 1470 1680 1507; x_wconf 88' lang='lat' dir='ltr'>Remen.,</span> <span class='ocrx_word' id='word_1_292' title='bbox 1699 1471 1731 1501; x_wconf 89' lang='lat' dir='ltr'>et</span> <span class='ocrx_word' id='word_1_293' title='bbox 1749 1479 1775 1501; x_wconf 91' lang='lat' dir='ltr'>s.</span> <span class='ocrx_word' id='word_1_294' title='bbox 1796 1471 1955 1511; x_wconf 84' lang='lat' dir='ltr'>Stephani</span> <span class='ocrx_word' id='word_1_295' title='bbox 1973 1472 2109 1503; x_wconf 84' lang='lat' dir='ltr'>Trecen.</span> <span class='ocrx_word' id='word_1_296' title='bbox 2133 1472 2229 1503; x_wconf 89' lang='lat' dir='ltr'>deca-</span> 
     </span>
     <span class='ocr_line' id='line_1_42' title="bbox 635 1522 1413 1566; baseline -0.003 -10"><span class='ocrx_word' id='word_1_297' title='bbox 635 1525 689 1556; x_wconf 89' lang='lat' dir='ltr'>nis</span> <span class='ocrx_word' id='word_1_298' title='bbox 706 1525 787 1556; x_wconf 86' lang='lat' dir='ltr'>eccl.</span> <span class='ocrx_word' id='word_1_299' title='bbox 801 1525 856 1566; x_wconf 89' lang='lat' dir='ltr'>(A.</span> <span class='ocrx_word' id='word_1_300' title='bbox 875 1525 924 1559; x_wconf 82' lang='grc'>15,</span> <span class='ocrx_word' id='word_1_301' title='bbox 942 1524 966 1556; x_wconf 79' lang='lat' dir='ltr'>f.</span> <span class='ocrx_word' id='word_1_302' title='bbox 981 1526 1041 1555; x_wconf 82' lang='grc'>477</span> <span class='ocrx_word' id='word_1_303' title='bbox 1058 1524 1093 1561; x_wconf 76' lang='lat'>¹³3</span> <span class='ocrx_word' id='word_1_304' title='bbox 1119 1523 1151 1554; x_wconf 91' lang='lat' dir='ltr'>V.</span> <span class='ocrx_word' id='word_1_305' title='bbox 1169 1525 1218 1561; x_wconf 94' lang='lat'>72,</span> <span class='ocrx_word' id='word_1_306' title='bbox 1237 1531 1289 1563; x_wconf 92' lang='lat' dir='ltr'>ep.</span> <span class='ocrx_word' id='word_1_307' title='bbox 1308 1522 1413 1562; x_wconf 88' lang='grc'>1608.)</span> 
     </span>
    </p>

    <p class='ocr_par' dir='ltr' id='par_1_17' title="bbox 635 1575 2247 1884">
     <span class='ocr_line' id='line_1_43' title="bbox 681 1575 2229 1618; baseline 0.001 -11"><span class='ocrx_word' id='word_1_308' title='bbox 681 1575 816 1607; x_wconf 88' lang='grc'>13863.</span> <span class='ocrx_word' id='word_1_309' title='bbox 835 1595 873 1600; x_wconf 88' lang='grc'>-</span> <span class='ocrx_word' id='word_1_310' title='bbox 890 1577 971 1618; x_wconf 73' lang='lat' dir='ltr'>May.</span> <span class='ocrx_word' id='word_1_311' title='bbox 991 1577 1164 1608; x_wconf 82' lang='lat' dir='ltr'>Baimundo</span> <span class='ocrx_word' id='word_1_312' title='bbox 1180 1577 1215 1607; x_wconf 88' lang='lat' dir='ltr'>de</span> <span class='ocrx_word' id='word_1_313' title='bbox 1244 1576 1372 1611; x_wconf 64' lang='lat' dir='ltr'>Caseus,</span> <span class='ocrx_word' id='word_1_314' title='bbox 1394 1584 1466 1607; x_wconf 86' lang='lat' dir='ltr'>can.</span> <span class='ocrx_word' id='word_1_315' title='bbox 1491 1576 1682 1611; x_wconf 84' lang='lat' dir='ltr'>Caturcen.,</span> <span class='ocrx_word' id='word_1_316' title='bbox 1704 1577 1867 1617; x_wconf 86' lang='lat' dir='ltr'>indulget.</span> <span class='ocrx_word' id='word_1_317' title='bbox 1887 1579 1934 1612; x_wconf 90' lang='lat' dir='ltr'>ut,</span> <span class='ocrx_word' id='word_1_318' title='bbox 1954 1587 1986 1608; x_wconf 88' lang='lat' dir='ltr'>n.</span> <span class='ocrx_word' id='word_1_319' title='bbox 2002 1587 2032 1607; x_wconf 92' lang='lat' dir='ltr'>v.</span> <span class='ocrx_word' id='word_1_320' title='bbox 2052 1578 2229 1608; x_wconf 89' lang='lat' dir='ltr'>Bertrandi</span> 
     </span>
     <span class='ocr_line' id='line_1_44' title="bbox 637 1629 2230 1670; baseline 0 -8"><span class='ocrx_word' id='word_1_321' title='bbox 637 1631 850 1663; x_wconf 83' lang='lat' dir='ltr'>vicecomitis</span> <span class='ocrx_word' id='word_1_322' title='bbox 865 1630 1057 1662; x_wconf 86' lang='lat' dir='ltr'>Leomaniae</span> <span class='ocrx_word' id='word_1_323' title='bbox 1074 1632 1107 1662; x_wconf 93' lang='lat' dir='ltr'>et</span> <span class='ocrx_word' id='word_1_324' title='bbox 1122 1629 1330 1661; x_wconf 88' lang='lat' dir='ltr'>Altivillaris</span> <span class='ocrx_word' id='word_1_325' title='bbox 1349 1629 1525 1669; x_wconf 85' lang='lat' dir='ltr'>obsequiis</span> <span class='ocrx_word' id='word_1_326' title='bbox 1542 1629 1741 1667; x_wconf 88' lang='lat' dir='ltr'>insistendo,</span> <span class='ocrx_word' id='word_1_327' title='bbox 1760 1639 1818 1661; x_wconf 87' lang='lat' dir='ltr'>seu</span> <span class='ocrx_word' id='word_1_328' title='bbox 1836 1631 1869 1661; x_wconf 93' lang='lat' dir='ltr'>in</span> <span class='ocrx_word' id='word_1_329' title='bbox 1884 1631 1998 1670; x_wconf 84' lang='lat' dir='ltr'>aliqua</span> <span class='ocrx_word' id='word_1_330' title='bbox 2013 1630 2091 1661; x_wconf 86' lang='lat' dir='ltr'>eccl.</span> <span class='ocrx_word' id='word_1_331' title='bbox 2112 1631 2146 1661; x_wconf 91' lang='lat' dir='ltr'>in</span> <span class='ocrx_word' id='word_1_332' title='bbox 2165 1639 2230 1670; x_wconf 85' lang='lat' dir='ltr'>qua</span> 
     </span>
     <span class='ocr_line' id='line_1_45' title="bbox 635 1682 2229 1723; baseline -0.001 -8"><span class='ocrx_word' id='word_1_333' title='bbox 635 1684 858 1716; x_wconf 85' lang='lat' dir='ltr'>beneficiatus</span> <span class='ocrx_word' id='word_1_334' title='bbox 885 1684 1003 1716; x_wconf 84' lang='lat' dir='ltr'>existit</span> <span class='ocrx_word' id='word_1_335' title='bbox 1020 1684 1240 1715; x_wconf 83' lang='lat' dir='ltr'>residentiam</span> <span class='ocrx_word' id='word_1_336' title='bbox 1258 1682 1423 1717; x_wconf 88' lang='lat' dir='ltr'>faciendo,</span> <span class='ocrx_word' id='word_1_337' title='bbox 1445 1683 1502 1713; x_wconf 86' lang='lat' dir='ltr'>aut</span> <span class='ocrx_word' id='word_1_338' title='bbox 1522 1682 1588 1714; x_wconf 86' lang='lat' dir='ltr'>litt.</span> <span class='ocrx_word' id='word_1_339' title='bbox 1605 1683 1718 1714; x_wconf 91' lang='lat' dir='ltr'>studio</span> <span class='ocrx_word' id='word_1_340' title='bbox 1735 1683 1770 1714; x_wconf 93' lang='lat' dir='ltr'>in</span> <span class='ocrx_word' id='word_1_341' title='bbox 1786 1683 1858 1714; x_wconf 87' lang='lat' dir='ltr'>loco</span> <span class='ocrx_word' id='word_1_342' title='bbox 1876 1683 1933 1714; x_wconf 91' lang='lat' dir='ltr'>ubi</span> <span class='ocrx_word' id='word_1_343' title='bbox 1948 1684 2059 1723; x_wconf 86' lang='lat' dir='ltr'>vigeat</span> <span class='ocrx_word' id='word_1_344' title='bbox 2076 1683 2229 1723; x_wconf 80' lang='lat' dir='ltr'>generale</span> 
     </span>
     <span class='ocr_line' id='line_1_46' title="bbox 637 1735 2228 1776; baseline -0.002 -7"><span class='ocrx_word' id='word_1_345' title='bbox 637 1738 862 1774; x_wconf 86' lang='lat' dir='ltr'>immorando,</span> <span class='ocrx_word' id='word_1_346' title='bbox 879 1737 1010 1769; x_wconf 85' lang='lat' dir='ltr'>fructus</span> <span class='ocrx_word' id='word_1_347' title='bbox 1030 1737 1140 1768; x_wconf 79' lang='lat' dir='ltr'>benef.</span> <span class='ocrx_word' id='word_1_348' title='bbox 1160 1745 1300 1768; x_wconf 90' lang='lat' dir='ltr'>suorum</span> <span class='ocrx_word' id='word_1_349' title='bbox 1316 1744 1425 1775; x_wconf 89' lang='lat' dir='ltr'>usque</span> <span class='ocrx_word' id='word_1_350' title='bbox 1451 1735 1493 1766; x_wconf 90' lang='lat' dir='ltr'>ad</span> <span class='ocrx_word' id='word_1_351' title='bbox 1507 1735 1692 1767; x_wconf 89' lang='lat' dir='ltr'>triennium</span> <span class='ocrx_word' id='word_1_352' title='bbox 1716 1737 1887 1776; x_wconf 87' lang='lat' dir='ltr'>percipere</span> <span class='ocrx_word' id='word_1_353' title='bbox 1904 1737 2023 1768; x_wconf 87' lang='lat' dir='ltr'>valeat.</span> <span class='ocrx_word' id='word_1_354' title='bbox 2041 1755 2077 1759; x_wconf 93' lang='lat'><em>-</em></span> <span class='ocrx_word' id='word_1_355' title='bbox 2094 1737 2120 1767; x_wconf 95' lang='grc' dir='ltr'>Ι.</span> <span class='ocrx_word' id='word_1_356' title='bbox 2138 1746 2166 1768; x_wconf 90' lang='lat' dir='ltr'>e.</span> <span class='ocrx_word' id='word_1_357' title='bbox 2184 1745 2228 1767; x_wconf 94' lang='lat' dir='ltr'>m.</span> 
     </span>
     <span class='ocr_line' id='line_1_47' title="bbox 637 1788 2247 1827; baseline -0.001 -5"><span class='ocrx_word' id='word_1_358' title='bbox 637 1792 763 1823; x_wconf 90' lang='lat' dir='ltr'>decano</span> <span class='ocrx_word' id='word_1_359' title='bbox 782 1791 874 1822; x_wconf 92' lang='lat' dir='ltr'>B.M.</span> <span class='ocrx_word' id='word_1_360' title='bbox 891 1791 930 1821; x_wconf 91' lang='lat' dir='ltr'>de</span> <span class='ocrx_word' id='word_1_361' title='bbox 949 1791 1085 1827; x_wconf 88' lang='lat' dir='ltr'>Usesta‚</span> <span class='ocrx_word' id='word_1_362' title='bbox 1105 1791 1266 1822; x_wconf 84' lang='lat' dir='ltr'>Vasaten.</span> <span class='ocrx_word' id='word_1_363' title='bbox 1283 1789 1342 1826; x_wconf 88' lang='lat' dir='ltr'>di.,</span> <span class='ocrx_word' id='word_1_364' title='bbox 1360 1791 1392 1820; x_wconf 92' lang='lat' dir='ltr'>et</span> <span class='ocrx_word' id='word_1_365' title='bbox 1409 1788 1558 1819; x_wconf 84' lang='lat' dir='ltr'>thesaur.</span> <span class='ocrx_word' id='word_1_366' title='bbox 1573 1789 1802 1827; x_wconf 72' lang='lat' dir='ltr'>suessionen,</span> <span class='ocrx_word' id='word_1_367' title='bbox 1821 1799 1858 1820; x_wconf 90' lang='lat' dir='ltr'>ac</span> <span class='ocrx_word' id='word_1_368' title='bbox 1872 1790 2054 1821; x_wconf 87' lang='lat' dir='ltr'>Guillelmo</span> <span class='ocrx_word' id='word_1_369' title='bbox 2064 1790 2104 1820; x_wconf 93' lang='lat' dir='ltr'>de</span> <span class='ocrx_word' id='word_1_370' title='bbox 2112 1790 2229 1826; x_wconf 89' lang='lat' dir='ltr'>Bosco,</span> <span class='ocrx_word' id='word_1_371' title='bbox 2245 1807 2247 1809; x_wconf 89' lang='lat'>·</span> 
     </span>
     <span class='ocr_line' id='line_1_48' title="bbox 638 1841 1732 1884; baseline -0.003 -8"><span class='ocrx_word' id='word_1_372' title='bbox 638 1853 710 1876; x_wconf 88' lang='lat' dir='ltr'>can.</span> <span class='ocrx_word' id='word_1_373' title='bbox 731 1844 962 1884; x_wconf 85' lang='lat' dir='ltr'>Engolismen.</span> <span class='ocrx_word' id='word_1_374' title='bbox 981 1844 1060 1875; x_wconf 89' lang='lat' dir='ltr'>eccl.</span> <span class='ocrx_word' id='word_1_375' title='bbox 1077 1843 1131 1884; x_wconf 88' lang='lat' dir='ltr'>(A.</span> <span class='ocrx_word' id='word_1_376' title='bbox 1152 1845 1201 1881; x_wconf 82' lang='lat'>15,</span> <span class='ocrx_word' id='word_1_377' title='bbox 1220 1843 1243 1873; x_wconf 89' lang='lat' dir='ltr'>f.</span> <span class='ocrx_word' id='word_1_378' title='bbox 1261 1844 1322 1874; x_wconf 77' lang='grc'>459</span> <span class='ocrx_word' id='word_1_379' title='bbox 1339 1847 1373 1878; x_wconf 78' lang='lat'>⁸;</span> <span class='ocrx_word' id='word_1_380' title='bbox 1395 1841 1430 1872; x_wconf 91' lang='lat' dir='ltr'>V.</span> <span class='ocrx_word' id='word_1_381' title='bbox 1449 1843 1498 1878; x_wconf 95' lang='lat'>72,</span> <span class='ocrx_word' id='word_1_382' title='bbox 1514 1850 1567 1881; x_wconf 91' lang='lat' dir='ltr'>ep.</span> <span class='ocrx_word' id='word_1_383' title='bbox 1584 1844 1662 1874; x_wconf 75' lang='grc'>1644</span> <span class='ocrx_word' id='word_1_384' title='bbox 1680 1843 1732 1881; x_wconf 89' lang='lat' dir='ltr'>B.)</span> 
     </span>
    </p>

    <p class='ocr_par' dir='ltr' id='par_1_18' title="bbox 639 1894 2232 2044">
     <span class='ocr_line' id='line_1_49' title="bbox 685 1894 2231 1937; baseline -0.001 -10"><span class='ocrx_word' id='word_1_385' title='bbox 685 1894 821 1927; x_wconf 79' lang='grc'>13864.</span> <span class='ocrx_word' id='word_1_386' title='bbox 839 1915 877 1920; x_wconf 84' lang='grc'>-</span> <span class='ocrx_word' id='word_1_387' title='bbox 893 1897 980 1937; x_wconf 57' lang='lat' dir='ltr'>Epa</span> <span class='ocrx_word' id='word_1_388' title='bbox 1007 1896 1212 1928; x_wconf 79' lang='lat' dir='ltr'>Alberdonen.</span> <span class='ocrx_word' id='word_1_389' title='bbox 1233 1895 1345 1927; x_wconf 90' lang='lat' dir='ltr'>mand.</span> <span class='ocrx_word' id='word_1_390' title='bbox 1371 1895 1408 1925; x_wconf 91' lang='lat' dir='ltr'>ut</span> <span class='ocrx_word' id='word_1_391' title='bbox 1424 1894 1599 1933; x_wconf 85' lang='lat' dir='ltr'>dispenset</span> <span class='ocrx_word' id='word_1_392' title='bbox 1620 1904 1723 1936; x_wconf 90' lang='lat' dir='ltr'>super</span> <span class='ocrx_word' id='word_1_393' title='bbox 1752 1900 1798 1927; x_wconf 82' lang='lat' dir='ltr'>1v⁰</span> <span class='ocrx_word' id='word_1_394' title='bbox 1816 1896 2035 1935; x_wconf 86' lang='lat' dir='ltr'>consanguin.</span> <span class='ocrx_word' id='word_1_395' title='bbox 2054 1895 2168 1935; x_wconf 86' lang='lat' dir='ltr'>gradu,</span> <span class='ocrx_word' id='word_1_396' title='bbox 2195 1895 2231 1925; x_wconf 90' lang='lat' dir='ltr'>in</span> 
     </span>
     <span class='ocr_line' id='line_1_50' title="bbox 640 1948 2232 1991; baseline -0.002 -9"><span class='ocrx_word' id='word_1_397' title='bbox 640 1951 788 1982; x_wconf 88' lang='lat' dir='ltr'>matrim.</span> <span class='ocrx_word' id='word_1_398' title='bbox 807 1951 889 1991; x_wconf 86' lang='lat' dir='ltr'>jam.</span> <span class='ocrx_word' id='word_1_399' title='bbox 907 1951 1090 1986; x_wconf 72' lang='lat' dir='ltr'>contracto,</span> <span class='ocrx_word' id='word_1_400' title='bbox 1107 1949 1271 1981; x_wconf 86' lang='lat' dir='ltr'>Jacobum</span> <span class='ocrx_word' id='word_1_401' title='bbox 1287 1950 1435 1988; x_wconf 86' lang='lat' dir='ltr'>Freyser</span> <span class='ocrx_word' id='word_1_402' title='bbox 1451 1949 1484 1979; x_wconf 91' lang='lat' dir='ltr'>et</span> <span class='ocrx_word' id='word_1_403' title='bbox 1506 1949 1718 1980; x_wconf 88' lang='lat' dir='ltr'>Mariozitam</span> <span class='ocrx_word' id='word_1_404' title='bbox 1734 1950 1774 1980; x_wconf 89' lang='lat' dir='ltr'>de</span> <span class='ocrx_word' id='word_1_405' title='bbox 1798 1949 2055 1985; x_wconf 82' lang='lat' dir='ltr'>Ferendrautht,</span> <span class='ocrx_word' id='word_1_406' title='bbox 2073 1948 2232 1979; x_wconf 88' lang='lat' dir='ltr'>Alberdo-</span> 
     </span>
     <span class='ocr_line' id='line_1_51' title="bbox 639 2003 1402 2044; baseline -0.001 -9"><span class='ocrx_word' id='word_1_407' title='bbox 639 2013 715 2035; x_wconf 87' lang='lat' dir='ltr'>nen.</span> <span class='ocrx_word' id='word_1_408' title='bbox 736 2004 781 2034; x_wconf 85' lang='lat' dir='ltr'>di.</span> <span class='ocrx_word' id='word_1_409' title='bbox 799 2004 853 2044; x_wconf 82' lang='lat' dir='ltr'>(A.</span> <span class='ocrx_word' id='word_1_410' title='bbox 872 2005 923 2039; x_wconf 82' lang='lat'>15.</span> <span class='ocrx_word' id='word_1_411' title='bbox 942 2003 964 2034; x_wconf 84' lang='lat' dir='ltr'>f.</span> <span class='ocrx_word' id='word_1_412' title='bbox 983 2005 1043 2035; x_wconf 82' lang='lat'>522</span> <span class='ocrx_word' id='word_1_413' title='bbox 1058 2009 1090 2039; x_wconf 76' lang='lat'>⁸‚·</span> <span class='ocrx_word' id='word_1_414' title='bbox 1113 2003 1145 2032; x_wconf 93' lang='lat' dir='ltr'>V.</span> <span class='ocrx_word' id='word_1_415' title='bbox 1161 2005 1211 2040; x_wconf 90' lang='lat'>72,</span> <span class='ocrx_word' id='word_1_416' title='bbox 1227 2012 1278 2043; x_wconf 91' lang='lat' dir='ltr'>ep.</span> <span class='ocrx_word' id='word_1_417' title='bbox 1297 2005 1402 2043; x_wconf 83' lang='lat'>1687.)</span> 
     </span>
    </p>

    <p class='ocr_par' dir='ltr' id='par_1_19' title="bbox 640 2054 2234 2202">
     <span class='ocr_line' id='line_1_52' title="bbox 686 2054 2231 2098; baseline -0.002 -11"><span class='ocrx_word' id='word_1_418' title='bbox 686 2054 821 2087; x_wconf 82' lang='grc'>13865.</span> <span class='ocrx_word' id='word_1_419' title='bbox 841 2074 879 2079; x_wconf 89' lang='grc'>-</span> <span class='ocrx_word' id='word_1_420' title='bbox 896 2057 1017 2088; x_wconf 89' lang='lat' dir='ltr'>Collat.</span> <span class='ocrx_word' id='word_1_421' title='bbox 1035 2065 1153 2088; x_wconf 89' lang='lat' dir='ltr'>canon.</span> <span class='ocrx_word' id='word_1_422' title='bbox 1178 2057 1240 2087; x_wconf 88' lang='lat' dir='ltr'>sub</span> <span class='ocrx_word' id='word_1_423' title='bbox 1261 2066 1358 2097; x_wconf 83' lang='lat' dir='ltr'>exsp.</span> <span class='ocrx_word' id='word_1_424' title='bbox 1389 2057 1492 2098; x_wconf 85' lang='lat' dir='ltr'>praeb.</span> <span class='ocrx_word' id='word_1_425' title='bbox 1522 2056 1601 2087; x_wconf 88' lang='lat' dir='ltr'>eccl.</span> <span class='ocrx_word' id='word_1_426' title='bbox 1619 2056 1818 2087; x_wconf 89' lang='lat' dir='ltr'>Noviomen.</span> <span class='ocrx_word' id='word_1_427' title='bbox 1846 2055 2027 2086; x_wconf 79' lang='lat' dir='ltr'>Anessautio</span> <span class='ocrx_word' id='word_1_428' title='bbox 2050 2054 2085 2085; x_wconf 87' lang='lat' dir='ltr'>de</span> <span class='ocrx_word' id='word_1_429' title='bbox 2111 2054 2231 2094; x_wconf 85' lang='lat' dir='ltr'>Tojosa,</span> 
     </span>
     <span class='ocr_line' id='line_1_53' title="bbox 640 2107 2234 2150; baseline -0.003 -8"><span class='ocrx_word' id='word_1_430' title='bbox 640 2120 712 2142; x_wconf 88' lang='lat' dir='ltr'>can.</span> <span class='ocrx_word' id='word_1_431' title='bbox 729 2112 890 2142; x_wconf 83' lang='lat' dir='ltr'>Vasaten.</span> <span class='ocrx_word' id='word_1_432' title='bbox 909 2110 972 2141; x_wconf 88' lang='lat' dir='ltr'>sub</span> <span class='ocrx_word' id='word_1_433' title='bbox 990 2119 1086 2149; x_wconf 84' lang='lat' dir='ltr'>exsp.</span> <span class='ocrx_word' id='word_1_434' title='bbox 1105 2109 1223 2150; x_wconf 87' lang='lat' dir='ltr'>praeb.,</span> <span class='ocrx_word' id='word_1_435' title='bbox 1242 2112 1275 2142; x_wconf 90' lang='lat' dir='ltr'>et</span> <span class='ocrx_word' id='word_1_436' title='bbox 1293 2112 1412 2142; x_wconf 88' lang='lat' dir='ltr'>rectori</span> <span class='ocrx_word' id='word_1_437' title='bbox 1430 2109 1564 2150; x_wconf 87' lang='lat' dir='ltr'>paroch.</span> <span class='ocrx_word' id='word_1_438' title='bbox 1583 2109 1663 2140; x_wconf 90' lang='lat' dir='ltr'>eccl.</span> <span class='ocrx_word' id='word_1_439' title='bbox 1689 2109 1937 2145; x_wconf 81' lang='lat' dir='ltr'>Montissecuri‚</span> <span class='ocrx_word' id='word_1_440' title='bbox 1957 2109 2115 2139; x_wconf 86' lang='lat' dir='ltr'>Vasaten.</span> <span class='ocrx_word' id='word_1_441' title='bbox 2132 2107 2178 2138; x_wconf 86' lang='lat' dir='ltr'>di.</span> <span class='ocrx_word' id='word_1_442' title='bbox 2196 2125 2234 2131; x_wconf 82' lang='lat'>—-</span> 
     </span>
     <span class='ocr_line' id='line_1_54' title="bbox 642 2162 1686 2202; baseline -0.003 -7"><span class='ocrx_word' id='word_1_443' title='bbox 642 2165 666 2195; x_wconf 95' lang='lat'>1.</span> <span class='ocrx_word' id='word_1_444' title='bbox 683 2173 712 2195; x_wconf 91' lang='lat' dir='ltr'>e.</span> <span class='ocrx_word' id='word_1_445' title='bbox 731 2173 775 2195; x_wconf 89' lang='lat' dir='ltr'>m.</span> <span class='ocrx_word' id='word_1_446' title='bbox 794 2165 831 2195; x_wconf 90' lang='lat' dir='ltr'>ut</span> <span class='ocrx_word' id='word_1_447' title='bbox 850 2173 891 2199; x_wconf 76' lang='lat' dir='ltr'>s..</span> <span class='ocrx_word' id='word_1_448' title='bbox 906 2173 940 2195; x_wconf 91' lang='lat' dir='ltr'>n.</span> <span class='ocrx_word' id='word_1_449' title='bbox 961 2165 1070 2196; x_wconf 84' lang='lat'>13863.</span> <span class='ocrx_word' id='word_1_450' title='bbox 1091 2163 1143 2202; x_wconf 90' lang='lat' dir='ltr'>(A.</span> <span class='ocrx_word' id='word_1_451' title='bbox 1160 2165 1207 2200; x_wconf 86' lang='grc'>15,</span> <span class='ocrx_word' id='word_1_452' title='bbox 1223 2163 1244 2194; x_wconf 90' lang='lat' dir='ltr'>f.</span> <span class='ocrx_word' id='word_1_453' title='bbox 1262 2166 1321 2195; x_wconf 66' lang='grc'>491</span> <span class='ocrx_word' id='word_1_454' title='bbox 1338 2164 1372 2202; x_wconf 80' lang='lat'>1‘;</span> <span class='ocrx_word' id='word_1_455' title='bbox 1394 2164 1429 2196; x_wconf 90' lang='lat' dir='ltr'>V.</span> <span class='ocrx_word' id='word_1_456' title='bbox 1445 2165 1495 2201; x_wconf 88' lang='grc'>72,</span> <span class='ocrx_word' id='word_1_457' title='bbox 1510 2172 1562 2202; x_wconf 90' lang='lat' dir='ltr'>ep.</span> <span class='ocrx_word' id='word_1_458' title='bbox 1581 2162 1686 2201; x_wconf 89' lang='grc'>1698.)</span> 
     </span>
    </p>

    <p class='ocr_par' dir='ltr' id='par_1_20' title="bbox 642 2213 2236 2523">
     <span class='ocr_line' id='line_1_55' title="bbox 687 2213 2235 2257; baseline -0.003 -10"><span class='ocrx_word' id='word_1_459' title='bbox 687 2215 823 2247; x_wconf 84' lang='grc'>13866.</span> <span class='ocrx_word' id='word_1_460' title='bbox 848 2235 886 2239; x_wconf 95' lang='grc'><strong>-</strong></span> <span class='ocrx_word' id='word_1_461' title='bbox 903 2217 1025 2249; x_wconf 85' lang='lat' dir='ltr'>Collat.</span> <span class='ocrx_word' id='word_1_462' title='bbox 1043 2225 1174 2254; x_wconf 66' lang='lat' dir='ltr'>canon„</span> <span class='ocrx_word' id='word_1_463' title='bbox 1194 2217 1298 2257; x_wconf 89' lang='lat' dir='ltr'>praeb.</span> <span class='ocrx_word' id='word_1_464' title='bbox 1318 2226 1356 2248; x_wconf 89' lang='lat' dir='ltr'>ac</span> <span class='ocrx_word' id='word_1_465' title='bbox 1373 2217 1552 2248; x_wconf 82' lang='lat' dir='ltr'>archidiac.</span> <span class='ocrx_word' id='word_1_466' title='bbox 1571 2216 1651 2247; x_wconf 87' lang='lat' dir='ltr'>eccl.</span> <span class='ocrx_word' id='word_1_467' title='bbox 1668 2217 1906 2252; x_wconf 86' lang='lat' dir='ltr'>Beneventan.‚</span> <span class='ocrx_word' id='word_1_468' title='bbox 1924 2223 1983 2254; x_wconf 91' lang='lat' dir='ltr'>per</span> <span class='ocrx_word' id='word_1_469' title='bbox 2007 2214 2087 2245; x_wconf 90' lang='lat' dir='ltr'>obit.</span> <span class='ocrx_word' id='word_1_470' title='bbox 2103 2213 2235 2244; x_wconf 89' lang='lat' dir='ltr'>Nicolai</span> 
     </span>
     <span class='ocr_line' id='line_1_56' title="bbox 642 2266 2232 2310; baseline -0.004 -8"><span class='ocrx_word' id='word_1_471' title='bbox 642 2271 682 2302; x_wconf 90' lang='lat' dir='ltr'>de</span> <span class='ocrx_word' id='word_1_472' title='bbox 697 2272 861 2302; x_wconf 87' lang='lat' dir='ltr'>Bratsano</span> <span class='ocrx_word' id='word_1_473' title='bbox 877 2279 930 2310; x_wconf 92' lang='lat' dir='ltr'>ap.</span> <span class='ocrx_word' id='word_1_474' title='bbox 948 2271 981 2302; x_wconf 86' lang='lat' dir='ltr'>S.</span> <span class='ocrx_word' id='word_1_475' title='bbox 1003 2270 1044 2301; x_wconf 87' lang='lat' dir='ltr'>A.</span> <span class='ocrx_word' id='word_1_476' title='bbox 1062 2270 1212 2301; x_wconf 87' lang='lat' dir='ltr'>defuncti</span> <span class='ocrx_word' id='word_1_477' title='bbox 1230 2279 1315 2308; x_wconf 68' lang='lat' dir='ltr'>vac„</span> <span class='ocrx_word' id='word_1_478' title='bbox 1333 2270 1464 2302; x_wconf 79' lang='lat' dir='ltr'>Geraldo</span> <span class='ocrx_word' id='word_1_479' title='bbox 1479 2270 1515 2300; x_wconf 89' lang='lat' dir='ltr'>de</span> <span class='ocrx_word' id='word_1_480' title='bbox 1533 2269 1670 2300; x_wconf 80' lang='lat' dir='ltr'>Vitriciis</span> <span class='ocrx_word' id='word_1_481' title='bbox 1678 2279 1690 2307; x_wconf 90' lang='lat'><em>;</em></span> <span class='ocrx_word' id='word_1_482' title='bbox 1700 2277 1766 2299; x_wconf 92' lang='lat' dir='ltr'>non</span> <span class='ocrx_word' id='word_1_483' title='bbox 1782 2268 1867 2299; x_wconf 89' lang='lat' dir='ltr'>obst.</span> <span class='ocrx_word' id='word_1_484' title='bbox 1885 2268 1975 2307; x_wconf 90' lang='lat' dir='ltr'>quod</span> <span class='ocrx_word' id='word_1_485' title='bbox 1990 2275 2119 2303; x_wconf 73' lang='lat' dir='ltr'>canon,</span> <span class='ocrx_word' id='word_1_486' title='bbox 2132 2266 2232 2306; x_wconf 82' lang='lat' dir='ltr'>praeb.</span> 
     </span>
     <span class='ocr_line' id='line_1_57' title="bbox 642 2319 2235 2363; baseline -0.004 -8"><span class='ocrx_word' id='word_1_487' title='bbox 642 2325 676 2355; x_wconf 91' lang='lat' dir='ltr'>et</span> <span class='ocrx_word' id='word_1_488' title='bbox 694 2324 876 2355; x_wconf 83' lang='lat' dir='ltr'>archidiac.</span> <span class='ocrx_word' id='word_1_489' title='bbox 894 2324 929 2354; x_wconf 93' lang='lat' dir='ltr'>in</span> <span class='ocrx_word' id='word_1_490' title='bbox 947 2324 1027 2355; x_wconf 89' lang='lat' dir='ltr'>eccl.</span> <span class='ocrx_word' id='word_1_491' title='bbox 1045 2323 1180 2363; x_wconf 89' lang='lat' dir='ltr'>Trojan.</span> <span class='ocrx_word' id='word_1_492' title='bbox 1208 2323 1369 2360; x_wconf 90' lang='lat' dir='ltr'>obtineat,</span> <span class='ocrx_word' id='word_1_493' title='bbox 1390 2326 1422 2355; x_wconf 89' lang='lat' dir='ltr'>et</span> <span class='ocrx_word' id='word_1_494' title='bbox 1448 2324 1488 2354; x_wconf 93' lang='lat' dir='ltr'>de</span> <span class='ocrx_word' id='word_1_495' title='bbox 1513 2322 1624 2353; x_wconf 86' lang='lat' dir='ltr'>benef.</span> <span class='ocrx_word' id='word_1_496' title='bbox 1652 2331 1678 2352; x_wconf 86' lang='lat' dir='ltr'>c¹</span> <span class='ocrx_word' id='word_1_497' title='bbox 1699 2331 1726 2352; x_wconf 90' lang='lat' dir='ltr'>c.</span> <span class='ocrx_word' id='word_1_498' title='bbox 1746 2321 1798 2352; x_wconf 90' lang='lat' dir='ltr'>vel</span> <span class='ocrx_word' id='word_1_499' title='bbox 1815 2329 1841 2351; x_wconf 91' lang='lat' dir='ltr'>s.</span> <span class='ocrx_word' id='word_1_500' title='bbox 1860 2329 1886 2351; x_wconf 94' lang='lat' dir='ltr'>c.</span> <span class='ocrx_word' id='word_1_501' title='bbox 1905 2320 2038 2351; x_wconf 87' lang='lat' dir='ltr'>etiamsi</span> <span class='ocrx_word' id='word_1_502' title='bbox 2061 2320 2165 2359; x_wconf 65' lang='lat' dir='ltr'>dign„</span> <span class='ocrx_word' id='word_1_503' title='bbox 2182 2319 2235 2349; x_wconf 88' lang='lat' dir='ltr'>vel</span> 
     </span>
     <span class='ocr_line' id='line_1_58' title="bbox 642 2372 2236 2417; baseline -0.004 -9"><span class='ocrx_word' id='word_1_504' title='bbox 642 2379 845 2417; x_wconf 87' lang='lat' dir='ltr'>personatus</span> <span class='ocrx_word' id='word_1_505' title='bbox 864 2378 921 2408; x_wconf 88' lang='lat' dir='ltr'>aut</span> <span class='ocrx_word' id='word_1_506' title='bbox 940 2377 994 2408; x_wconf 85' lang='lat' dir='ltr'>off.</span> <span class='ocrx_word' id='word_1_507' title='bbox 1013 2378 1149 2413; x_wconf 85' lang='lat' dir='ltr'>existat,</span> <span class='ocrx_word' id='word_1_508' title='bbox 1168 2377 1203 2407; x_wconf 92' lang='lat' dir='ltr'>in</span> <span class='ocrx_word' id='word_1_509' title='bbox 1223 2377 1315 2408; x_wconf 89' lang='lat' dir='ltr'>civit.</span> <span class='ocrx_word' id='word_1_510' title='bbox 1335 2377 1388 2408; x_wconf 88' lang='lat' dir='ltr'>vel</span> <span class='ocrx_word' id='word_1_511' title='bbox 1408 2377 1452 2407; x_wconf 88' lang='lat' dir='ltr'>di.</span> <span class='ocrx_word' id='word_1_512' title='bbox 1470 2375 1706 2415; x_wconf 65' lang='lat' dir='ltr'>Burdegalen„</span> <span class='ocrx_word' id='word_1_513' title='bbox 1721 2374 1763 2404; x_wconf 88' lang='lat' dir='ltr'>ad</span> <span class='ocrx_word' id='word_1_514' title='bbox 1780 2374 2019 2413; x_wconf 86' lang='lat' dir='ltr'>cujuscumque</span> <span class='ocrx_word' id='word_1_515' title='bbox 2035 2372 2144 2403; x_wconf 86' lang='lat' dir='ltr'>collat.</span> <span class='ocrx_word' id='word_1_516' title='bbox 2164 2380 2236 2410; x_wconf 92' lang='lat' dir='ltr'>per-</span> 
     </span>
     <span class='ocr_line' id='line_1_59' title="bbox 643 2424 2235 2470; baseline -0.005 -8"><span class='ocrx_word' id='word_1_517' title='bbox 643 2430 720 2466; x_wconf 89' lang='lat' dir='ltr'>tin.,</span> <span class='ocrx_word' id='word_1_518' title='bbox 746 2430 855 2469; x_wconf 88' lang='grc'>(1001.</span> <span class='ocrx_word' id='word_1_519' title='bbox 871 2431 922 2469; x_wconf 90' lang='lat' dir='ltr'>t.)‚</span> <span class='ocrx_word' id='word_1_520' title='bbox 942 2439 1003 2470; x_wconf 85' lang='lat' dir='ltr'>per</span> <span class='ocrx_word' id='word_1_521' title='bbox 1018 2430 1085 2461; x_wconf 88' lang='lat' dir='ltr'>litt.</span> <span class='ocrx_word' id='word_1_522' title='bbox 1113 2431 1221 2470; x_wconf 86' lang='lat' dir='ltr'>apost.</span> <span class='ocrx_word' id='word_1_523' title='bbox 1241 2430 1344 2461; x_wconf 87' lang='lat' dir='ltr'>fuerit</span> <span class='ocrx_word' id='word_1_524' title='bbox 1368 2430 1539 2469; x_wconf 90' lang='lat' dir='ltr'>provisus.</span> <span class='ocrx_word' id='word_1_525' title='bbox 1557 2447 1594 2451; x_wconf 94' lang='lat'>-—</span> <span class='ocrx_word' id='word_1_526' title='bbox 1617 2428 1643 2458; x_wconf 90' lang='grc' dir='ltr'>Ι.</span> <span class='ocrx_word' id='word_1_527' title='bbox 1663 2436 1691 2458; x_wconf 91' lang='lat' dir='ltr'>e.</span> <span class='ocrx_word' id='word_1_528' title='bbox 1715 2436 1758 2457; x_wconf 87' lang='lat' dir='ltr'>m.</span> <span class='ocrx_word' id='word_1_529' title='bbox 1777 2427 1923 2465; x_wconf 84' lang='lat' dir='ltr'>Capuan.</span> <span class='ocrx_word' id='word_1_530' title='bbox 1949 2427 1981 2456; x_wconf 89' lang='lat' dir='ltr'>et</span> <span class='ocrx_word' id='word_1_531' title='bbox 2002 2424 2161 2456; x_wconf 90' lang='lat' dir='ltr'>Alboren.</span> <span class='ocrx_word' id='word_1_532' title='bbox 2181 2432 2235 2454; x_wconf 89' lang='lat' dir='ltr'>ar-</span> 
     </span>
     <span class='ocr_line' id='line_1_60' title="bbox 643 2476 2175 2523; baseline -0.006 -8"><span class='ocrx_word' id='word_1_533' title='bbox 643 2483 798 2523; x_wconf 87' lang='lat' dir='ltr'>chiep.is,</span> <span class='ocrx_word' id='word_1_534' title='bbox 818 2492 855 2515; x_wconf 88' lang='lat' dir='ltr'>ac</span> <span class='ocrx_word' id='word_1_535' title='bbox 871 2483 948 2515; x_wconf 90' lang='lat' dir='ltr'>abb.</span> <span class='ocrx_word' id='word_1_536' title='bbox 963 2485 1108 2515; x_wconf 87' lang='lat' dir='ltr'>monast.</span> <span class='ocrx_word' id='word_1_537' title='bbox 1127 2492 1155 2514; x_wconf 89' lang='lat' dir='ltr'>s.</span> <span class='ocrx_word' id='word_1_538' title='bbox 1173 2483 1327 2514; x_wconf 87' lang='lat' dir='ltr'>Severini</span> <span class='ocrx_word' id='word_1_539' title='bbox 1341 2482 1555 2521; x_wconf 88' lang='lat' dir='ltr'>Neapolitan.</span> <span class='ocrx_word' id='word_1_540' title='bbox 1573 2481 1625 2521; x_wconf 91' lang='lat' dir='ltr'>(A.</span> <span class='ocrx_word' id='word_1_541' title='bbox 1644 2482 1691 2516; x_wconf 79' lang='lat'>15,</span> <span class='ocrx_word' id='word_1_542' title='bbox 1711 2479 1734 2510; x_wconf 83' lang='lat' dir='ltr'>f.</span> <span class='ocrx_word' id='word_1_543' title='bbox 1754 2480 1813 2510; x_wconf 83' lang='lat'>282</span> <span class='ocrx_word' id='word_1_544' title='bbox 1829 2483 1861 2514; x_wconf 76' lang='grc'>“;</span> <span class='ocrx_word' id='word_1_545' title='bbox 1881 2478 1917 2509; x_wconf 91' lang='lat' dir='ltr'>V.</span> <span class='ocrx_word' id='word_1_546' title='bbox 1939 2479 1988 2514; x_wconf 85' lang='grc'>72,</span> <span class='ocrx_word' id='word_1_547' title='bbox 2003 2485 2054 2516; x_wconf 92' lang='lat' dir='ltr'>ep.</span> <span class='ocrx_word' id='word_1_548' title='bbox 2074 2476 2175 2515; x_wconf 87' lang='grc'>1175.)</span> 
     </span>
    </p>

    <p class='ocr_par' dir='ltr' id='par_1_21' title="bbox 644 2528 2235 2842">
     <span class='ocr_line' id='line_1_61' title="bbox 689 2528 2233 2576; baseline -0.005 -10"><span class='ocrx_word' id='word_1_549' title='bbox 689 2534 825 2566; x_wconf 85' lang='grc'>13867.</span> <span class='ocrx_word' id='word_1_550' title='bbox 843 2554 883 2560; x_wconf 89' lang='lat'>-</span> <span class='ocrx_word' id='word_1_551' title='bbox 909 2536 1031 2568; x_wconf 88' lang='lat' dir='ltr'>Collat.</span> <span class='ocrx_word' id='word_1_552' title='bbox 1060 2536 1262 2576; x_wconf 88' lang='lat' dir='ltr'>plebanatus</span> <span class='ocrx_word' id='word_1_553' title='bbox 1285 2535 1395 2576; x_wconf 86' lang='lat' dir='ltr'>plebis</span> <span class='ocrx_word' id='word_1_554' title='bbox 1417 2544 1444 2566; x_wconf 93' lang='lat' dir='ltr'>s.</span> <span class='ocrx_word' id='word_1_555' title='bbox 1463 2533 1634 2565; x_wconf 86' lang='lat' dir='ltr'>Laurentii</span> <span class='ocrx_word' id='word_1_556' title='bbox 1659 2533 1693 2562; x_wconf 86' lang='lat' dir='ltr'>in</span> <span class='ocrx_word' id='word_1_557' title='bbox 1712 2531 1838 2568; x_wconf 80' lang='lat' dir='ltr'>Platea,</span> <span class='ocrx_word' id='word_1_558' title='bbox 1864 2531 1978 2561; x_wconf 89' lang='lat' dir='ltr'>Pisan.</span> <span class='ocrx_word' id='word_1_559' title='bbox 1999 2529 2057 2566; x_wconf 93' lang='lat' dir='ltr'>di.,</span> <span class='ocrx_word' id='word_1_560' title='bbox 2083 2530 2136 2569; x_wconf 89' lang='grc'>(20</span> <span class='ocrx_word' id='word_1_561' title='bbox 2161 2528 2233 2559; x_wconf 89' lang='lat' dir='ltr'>flor.</span> 
     </span>
     <span class='ocr_line' id='line_1_62' title="bbox 644 2581 2234 2630; baseline -0.007 -8"><span class='ocrx_word' id='word_1_562' title='bbox 644 2591 744 2630; x_wconf 82' lang='lat' dir='ltr'>auri),</span> <span class='ocrx_word' id='word_1_563' title='bbox 765 2599 826 2630; x_wconf 91' lang='lat' dir='ltr'>per</span> <span class='ocrx_word' id='word_1_564' title='bbox 843 2590 1094 2622; x_wconf 85' lang='lat' dir='ltr'>assecutionem</span> <span class='ocrx_word' id='word_1_565' title='bbox 1109 2589 1311 2629; x_wconf 87' lang='lat' dir='ltr'>plebanatus</span> <span class='ocrx_word' id='word_1_566' title='bbox 1326 2587 1437 2628; x_wconf 90' lang='lat' dir='ltr'>plebis</span> <span class='ocrx_word' id='word_1_567' title='bbox 1453 2588 1492 2618; x_wconf 90' lang='lat' dir='ltr'>de</span> <span class='ocrx_word' id='word_1_568' title='bbox 1509 2585 1730 2625; x_wconf 85' lang='lat' dir='ltr'>Campolurro</span> <span class='ocrx_word' id='word_1_569' title='bbox 1756 2585 1796 2615; x_wconf 88' lang='lat' dir='ltr'>de</span> <span class='ocrx_word' id='word_1_570' title='bbox 1815 2583 1932 2614; x_wconf 81' lang='lat' dir='ltr'>Insula</span> <span class='ocrx_word' id='word_1_571' title='bbox 1955 2581 2060 2618; x_wconf 85' lang='lat' dir='ltr'>Ylbae,</span> <span class='ocrx_word' id='word_1_572' title='bbox 2087 2581 2234 2612; x_wconf 79' lang='lat' dir='ltr'>Massan-</span> 
     </span>
     <span class='ocr_line' id='line_1_63' title="bbox 645 2633 2234 2683; baseline -0.008 -8"><span class='ocrx_word' id='word_1_573' title='bbox 645 2643 705 2681; x_wconf 86' lang='lat' dir='ltr'>di.,</span> <span class='ocrx_word' id='word_1_574' title='bbox 719 2644 844 2675; x_wconf 66' lang='lat' dir='ltr'>«Ioanni</span> <span class='ocrx_word' id='word_1_575' title='bbox 863 2643 903 2675; x_wconf 82' lang='lat' dir='ltr'>de</span> <span class='ocrx_word' id='word_1_576' title='bbox 928 2643 1107 2683; x_wconf 83' lang='lat' dir='ltr'>Ripafacta</span> <span class='ocrx_word' id='word_1_577' title='bbox 1134 2642 1248 2674; x_wconf 85' lang='lat' dir='ltr'>collati</span> <span class='ocrx_word' id='word_1_578' title='bbox 1266 2650 1349 2678; x_wconf 64' lang='lat' dir='ltr'>vac„</span> <span class='ocrx_word' id='word_1_579' title='bbox 1367 2638 1533 2671; x_wconf 82' lang='lat' dir='ltr'>Guiscardo</span> <span class='ocrx_word' id='word_1_580' title='bbox 1547 2637 1614 2678; x_wconf 79' lang='lat' dir='ltr'>filio</span> <span class='ocrx_word' id='word_1_581' title='bbox 1631 2636 1762 2668; x_wconf 76' lang='lat' dir='ltr'>Andreae</span> <span class='ocrx_word' id='word_1_582' title='bbox 1785 2635 1975 2666; x_wconf 79' lang='lat' dir='ltr'>Norrardini</span> <span class='ocrx_word' id='word_1_583' title='bbox 1996 2633 2032 2664; x_wconf 86' lang='lat' dir='ltr'>de</span> <span class='ocrx_word' id='word_1_584' title='bbox 2049 2633 2234 2674; x_wconf 79' lang='lat' dir='ltr'>Opessinqis,</span> 
     </span>
     <span class='ocr_line' id='line_1_64' title="bbox 644 2687 2233 2736; baseline -0.007 -9"><span class='ocrx_word' id='word_1_585' title='bbox 644 2696 708 2727; x_wconf 82' lang='lat' dir='ltr'>mil.</span> <span class='ocrx_word' id='word_1_586' title='bbox 725 2697 834 2727; x_wconf 80' lang='lat' dir='ltr'>Pisan.</span> <span class='ocrx_word' id='word_1_587' title='bbox 848 2706 858 2734; x_wconf 94' lang='lat'>;</span> <span class='ocrx_word' id='word_1_588' title='bbox 875 2705 951 2728; x_wconf 91' lang='lat' dir='ltr'>cum</span> <span class='ocrx_word' id='word_1_589' title='bbox 968 2697 1119 2736; x_wconf 89' lang='lat' dir='ltr'>dispens.</span> <span class='ocrx_word' id='word_1_590' title='bbox 1138 2703 1240 2735; x_wconf 88' lang='lat' dir='ltr'>super</span> <span class='ocrx_word' id='word_1_591' title='bbox 1250 2694 1383 2725; x_wconf 86' lang='lat' dir='ltr'>defectu</span> <span class='ocrx_word' id='word_1_592' title='bbox 1395 2692 1504 2724; x_wconf 86' lang='lat' dir='ltr'>aetatis</span> <span class='ocrx_word' id='word_1_593' title='bbox 1519 2693 1552 2723; x_wconf 91' lang='lat' dir='ltr'>et</span> <span class='ocrx_word' id='word_1_594' title='bbox 1565 2691 1732 2722; x_wconf 86' lang='lat' dir='ltr'>ordinum.</span> <span class='ocrx_word' id='word_1_595' title='bbox 1750 2689 1824 2720; x_wconf 90' lang='lat'>-1.</span> <span class='ocrx_word' id='word_1_596' title='bbox 1841 2697 1870 2720; x_wconf 92' lang='lat' dir='ltr'>e.</span> <span class='ocrx_word' id='word_1_597' title='bbox 1885 2696 1929 2719; x_wconf 89' lang='lat' dir='ltr'>m.</span> <span class='ocrx_word' id='word_1_598' title='bbox 1947 2696 1974 2718; x_wconf 82' lang='lat' dir='ltr'>s.</span> <span class='ocrx_word' id='word_1_599' title='bbox 1987 2687 2063 2726; x_wconf 88' lang='lat' dir='ltr'>Syri</span> <span class='ocrx_word' id='word_1_600' title='bbox 2078 2687 2233 2723; x_wconf 88' lang='lat' dir='ltr'>Januen.,</span> 
     </span>
     <span class='ocr_line' id='line_1_65' title="bbox 646 2740 2235 2787; baseline -0.008 -5"><span class='ocrx_word' id='word_1_601' title='bbox 646 2752 679 2782; x_wconf 92' lang='lat' dir='ltr'>et</span> <span class='ocrx_word' id='word_1_602' title='bbox 697 2750 737 2781; x_wconf 89' lang='lat' dir='ltr'>de</span> <span class='ocrx_word' id='word_1_603' title='bbox 754 2750 908 2782; x_wconf 88' lang='lat' dir='ltr'>Cintorio</span> <span class='ocrx_word' id='word_1_604' title='bbox 927 2750 1073 2781; x_wconf 87' lang='lat' dir='ltr'>monast.</span> <span class='ocrx_word' id='word_1_605' title='bbox 1099 2748 1189 2786; x_wconf 88' lang='lat' dir='ltr'>abb.,</span> <span class='ocrx_word' id='word_1_606' title='bbox 1210 2756 1247 2778; x_wconf 89' lang='lat' dir='ltr'>ac</span> <span class='ocrx_word' id='word_1_607' title='bbox 1263 2746 1407 2787; x_wconf 86' lang='lat' dir='ltr'>plebano</span> <span class='ocrx_word' id='word_1_608' title='bbox 1431 2744 1541 2785; x_wconf 91' lang='lat' dir='ltr'>plebis</span> <span class='ocrx_word' id='word_1_609' title='bbox 1563 2743 1595 2775; x_wconf 89' lang='lat' dir='ltr'>S.</span> <span class='ocrx_word' id='word_1_610' title='bbox 1614 2743 1658 2774; x_wconf 93' lang='lat' dir='ltr'>M.</span> <span class='ocrx_word' id='word_1_611' title='bbox 1677 2742 1719 2773; x_wconf 88' lang='lat' dir='ltr'>ad</span> <span class='ocrx_word' id='word_1_612' title='bbox 1741 2742 1899 2777; x_wconf 87' lang='lat' dir='ltr'>Montem,</span> <span class='ocrx_word' id='word_1_613' title='bbox 1919 2740 2034 2771; x_wconf 86' lang='lat' dir='ltr'>Pisan.</span> <span class='ocrx_word' id='word_1_614' title='bbox 2059 2740 2091 2771; x_wconf 91' lang='lat' dir='ltr'>et</span> <span class='ocrx_word' id='word_1_615' title='bbox 2109 2740 2235 2771; x_wconf 81' lang='lat' dir='ltr'>Lucan.</span> 
     </span>
     <span class='ocr_line' id='line_1_66' title="bbox 645 2801 1315 2842; baseline -0.009 -7"><span class='ocrx_word' id='word_1_616' title='bbox 645 2804 689 2835; x_wconf 89' lang='lat' dir='ltr'>di.</span> <span class='ocrx_word' id='word_1_617' title='bbox 707 2804 759 2842; x_wconf 69' lang='lat' dir='ltr'>(A.</span> <span class='ocrx_word' id='word_1_618' title='bbox 777 2805 826 2839; x_wconf 88' lang='grc'>15,</span> <span class='ocrx_word' id='word_1_619' title='bbox 843 2803 867 2834; x_wconf 84' lang='lat' dir='ltr'>f.</span> <span class='ocrx_word' id='word_1_620' title='bbox 884 2805 940 2835; x_wconf 88' lang='grc'>511</span> <span class='ocrx_word' id='word_1_621' title='bbox 959 2807 993 2839; x_wconf 75' lang='lat'>⁸3</span> <span class='ocrx_word' id='word_1_622' title='bbox 1019 2801 1053 2832; x_wconf 93' lang='lat' dir='ltr'>V.</span> <span class='ocrx_word' id='word_1_623' title='bbox 1071 2803 1121 2837; x_wconf 88' lang='lat'>72,</span> <span class='ocrx_word' id='word_1_624' title='bbox 1142 2810 1193 2841; x_wconf 94' lang='lat' dir='ltr'>ep.</span> <span class='ocrx_word' id='word_1_625' title='bbox 1212 2801 1315 2838; x_wconf 89' lang='grc'>1602.)</span> 
     </span>
    </p>

    <p class='ocr_par' dir='ltr' id='par_1_22' title="bbox 646 2844 2237 3000">
     <span class='ocr_line' id='line_1_67' title="bbox 692 2844 2237 2896; baseline -0.008 -10"><span class='ocrx_word' id='word_1_626' title='bbox 692 2853 828 2887; x_wconf 82' lang='grc'>13868.</span> <span class='ocrx_word' id='word_1_627' title='bbox 845 2873 883 2879; x_wconf 84' lang='grc'>-</span> <span class='ocrx_word' id='word_1_628' title='bbox 905 2856 993 2886; x_wconf 64' lang='lat' dir='ltr'>Lucae</span> <span class='ocrx_word' id='word_1_629' title='bbox 1012 2864 1082 2896; x_wconf 86' lang='lat' dir='ltr'>ep.o</span> <span class='ocrx_word' id='word_1_630' title='bbox 1100 2853 1172 2884; x_wconf 80' lang='lat' dir='ltr'>olim</span> <span class='ocrx_word' id='word_1_631' title='bbox 1197 2853 1352 2888; x_wconf 79' lang='lat' dir='ltr'>Castren.‚</span> <span class='ocrx_word' id='word_1_632' title='bbox 1370 2851 1403 2880; x_wconf 76' lang='lat' dir='ltr'>in</span> <span class='ocrx_word' id='word_1_633' title='bbox 1419 2850 1609 2890; x_wconf 77' lang='lat' dir='ltr'>archiep.um</span> <span class='ocrx_word' id='word_1_634' title='bbox 1632 2847 1785 2878; x_wconf 80' lang='lat' dir='ltr'>Idrontin.</span> <span class='ocrx_word' id='word_1_635' title='bbox 1803 2845 1855 2883; x_wconf 73' lang='lat' dir='ltr'>eL,</span> <span class='ocrx_word' id='word_1_636' title='bbox 1881 2845 2071 2885; x_wconf 82' lang='lat' dir='ltr'>assignatur</span> <span class='ocrx_word' id='word_1_637' title='bbox 2088 2844 2237 2884; x_wconf 87' lang='lat' dir='ltr'>palleum</span> 
     </span>
     <span class='ocr_line' id='line_1_68' title="bbox 646 2897 2235 2948; baseline -0.009 -6"><span class='ocrx_word' id='word_1_638' title='bbox 646 2911 679 2942; x_wconf 88' lang='lat' dir='ltr'>et</span> <span class='ocrx_word' id='word_1_639' title='bbox 704 2909 866 2941; x_wconf 87' lang='lat' dir='ltr'>scribitur</span> <span class='ocrx_word' id='word_1_640' title='bbox 895 2917 973 2948; x_wconf 88' lang='lat' dir='ltr'>ep.o</span> <span class='ocrx_word' id='word_1_641' title='bbox 995 2907 1122 2939; x_wconf 91' lang='lat' dir='ltr'>Licien.</span> <span class='ocrx_word' id='word_1_642' title='bbox 1154 2906 1219 2943; x_wconf 88' lang='lat' dir='ltr'>cui,</span> <span class='ocrx_word' id='word_1_643' title='bbox 1244 2907 1281 2936; x_wconf 93' lang='lat' dir='ltr'>ut</span> <span class='ocrx_word' id='word_1_644' title='bbox 1309 2903 1395 2935; x_wconf 90' lang='lat' dir='ltr'>illud</span> <span class='ocrx_word' id='word_1_645' title='bbox 1424 2902 1529 2934; x_wconf 88' lang='lat' dir='ltr'>electo</span> <span class='ocrx_word' id='word_1_646' title='bbox 1557 2901 1705 2940; x_wconf 86' lang='lat' dir='ltr'>assignet</span> <span class='ocrx_word' id='word_1_647' title='bbox 1732 2899 1853 2937; x_wconf 87' lang='lat' dir='ltr'>eidem,</span> <span class='ocrx_word' id='word_1_648' title='bbox 1884 2898 2082 2929; x_wconf 81' lang='lat' dir='ltr'>destinatur.</span> <span class='ocrx_word' id='word_1_649' title='bbox 2107 2897 2159 2936; x_wconf 84' lang='lat' dir='ltr'>(A.</span> <span class='ocrx_word' id='word_1_650' title='bbox 2187 2898 2235 2931; x_wconf 83' lang='grc'>15,</span> 
     </span>
     <span class='ocr_line' id='line_1_69' title="bbox 648 2960 1121 3000; baseline -0.008 -6"><span class='ocrx_word' id='word_1_651' title='bbox 648 2964 670 2995; x_wconf 85' lang='lat' dir='ltr'>f.</span> <span class='ocrx_word' id='word_1_652' title='bbox 688 2964 748 2995; x_wconf 88' lang='grc'>200</span> <span class='ocrx_word' id='word_1_653' title='bbox 763 2967 794 3000; x_wconf 74' lang='lat'>⁸3</span> <span class='ocrx_word' id='word_1_654' title='bbox 816 2962 852 2993; x_wconf 93' lang='lat' dir='ltr'>V.</span> <span class='ocrx_word' id='word_1_655' title='bbox 876 2963 926 2999; x_wconf 83' lang='lat'>72,</span> <span class='ocrx_word' id='word_1_656' title='bbox 946 2970 998 3000; x_wconf 90' lang='lat' dir='ltr'>ep.</span> <span class='ocrx_word' id='word_1_657' title='bbox 1017 2960 1121 2998; x_wconf 89' lang='grc'>1079.)</span> 
     </span>
    </p>
   </div>
  </div>
 </body>
</html>
