2566 3562
224 382 326 409 Datum
346 375 532 410 Avenione.

260 483 302 511 26
314 486 385 518 sept.
408 481 495 509 1320.

275 528 318 564 (v1
333 527 394 555 kal.
409 526 480 562 oct.)

315 572 346 598 T.
368 571 445 598 1v11.

341 1014 375 1041 Ut
399 1023 422 1041 3.

316 1058 347 1086 T.
368 1057 448 1086 XXV.

265 1121 305 1149 27
323 1124 393 1157 sept.
413 1120 501 1149 1320.

285 1170 316 1201 (v
334 1165 392 1193 kal.
414 1165 485 1197 oct.)

291 1211 322 1238 T.
339 1210 385 1244 XI,
400 1209 474 1238 XIII.

348 1439 383 1467 Ut
399 1447 423 1466 s.

292 1484 322 1510 T.
339 1484 384 1517 XI,
402 1483 475 1510 XIII.

345 1545 382 1573 Ut
398 1554 422 1572 s.

294 1589 325 1616 T.
342 1589 388 1622 xl,
401 1589 472 1616 XIII.

347 1809 384 1837 Ut
403 1818 428 1837 3.

328 1854 358 1880 T.
378 1854 447 1880 XVI.

351 1968 387 1996 Ut
401 1976 424 1995 s.

296 2013 326 2039 T.
344 2013 389 2046 X1,
406 2012 478 2039 xm.

346 2234 382 2262 Ut
407 2242 432 2261 s.

315 2279 346 2306 T.
367 2278 463 2306 XVIII.

266 2439 297 2465 T.
313 2394 519 2472 xxissrf'xxvr

355 2659 390 2687 Ut
409 2668 432 2686 s.

320 2704 351 2732 Τ.
369 2703 467 2731 XXIV.

356 2818 393 2846 Ut
411 2826 434 2846 s.

300 2862 331 2889 T.
350 2862 409 2896 ΧΠ,
426 2861 495 2889 XIV.

358 2908 432 2952 Uts.

335 2967 366 2994 T.
387 2967 464 2995 LXX.

586 289 760 320 JOANNIS
783 289 901 320 PAPAE
922 289 1025 320 XXII.
1049 291 1295 330 (1316-1334).
1319 307 1358 312 -—
1380 290 1566 321 LITTERAE
1589 290 1814 321 COMMUNES
2160 292 2215 322 191

667 477 800 509 12400.
821 497 859 502 -
874 479 1047 510 Promotio
1074 479 1181 509 Ysacci
1202 488 1292 510 mon.
1312 482 1457 511 monast.
1480 489 1508 511 s.
1532 481 1674 512 Joannis
1697 481 1737 512 de
1755 482 1944 517 Maresano‚
1962 482 2000 514 O.
2019 482 2052 514 S.
2069 483 2120 517 B.‚
2137 483 2218 514 Cas—

620 533 738 565 tellan.
751 533 810 570 di.,
827 533 869 564 ad
884 532 1055 563 abbatiam
1069 534 1214 563 monast.
1231 541 1258 563 s.
1276 533 1296 563 J
1299 533 1418 563 oannis
1430 533 1559 564 heremi
1574 534 1831 572 Montisherilis,
1850 534 2003 574 ejusdem
2015 535 2100 572 ord„
2114 536 2219 567 Peru—

621 587 687 618 sin.
705 586 764 624 di.,
779 594 839 626 per
857 585 1103 625 promotionem
1122 585 1236 616 ι1660111
1254 585 1297 616 ad
1312 585 1481 617 abbatiam
1497 588 1640 617 monast.
1660 595 1687 617 s.
1702 587 1875 618 Benedicti
1891 588 1932 619 de
1948 588 2215 626 Montesubasio,

621 640 772 679 ejusdem
789 639 872 676 ord.,
893 638 1122 670 Assisinaten.
1149 638 1210 674 di.,
1224 647 1294 668 vac.
1305 648 1315 674 3
1333 647 1409 669 cum
1430 638 1527 669 irrita
1547 639 1592 669 sit
1607 639 1727 670 electio
1742 640 1885 670 Joannis
1903 641 1943 671 de
1963 641 2105 672 Perusio
2125 650 2215 672 mon.

621 693 702 724 dicti
724 693 869 723 monast.
888 700 916 722 s.
931 691 1074 723 ,Ioannis
1088 691 1218 722 heremi
1235 691 1493 727 Montisherilis,
1509 691 1577 730 jam
1594 693 1725 723 cassata
1740 692 1782 723 ab
1799 701 1874 732 ep.o
1890 694 2045 725 Perusin.
2065 694 2124 733 qui
2138 694 2218 725 Bar-

620 746 850 782 tholomaeum,
878 743 954 776 abb.
972 746 1118 775 monast.
1145 744 1185 775 de
1206 744 1394 781 Petrafitta,
1417 745 1488 775 ord.
1513 745 1545 775 et
1569 745 1725 775 Perusin.
1749 745 1793 775 di.
1814 746 2064 785 praedictorum,
2090 747 2125 777 in
2140 746 2217 778 abb.

621 799 767 839 elegerat
785 798 893 838 ejusd.
908 799 1066 835 monast„
1082 797 1148 828 ΡΡ.
1166 797 1259 828 enim
1274 798 1420 828 monast.
1439 797 1592 828 omnium
1610 806 1661 836 ap.
1680 798 1712 828 S.
1730 799 1771 828 A.
1794 799 1986 830 vacantium
2006 799 2220 839 provisiones

621 852 680 883 diu
696 851 914 891 dispositioni
930 860 1000 882 suae
1016 850 1213 882 reservavit.
1232 868 1270 872 -
1286 850 1313 881 I.
1333 859 1362 881 e.
1383 858 1428 880 m.
1454 858 1550 880 conv.
1570 850 1701 889 praefati
1721 853 1865 882 monast.
1888 860 1915 883 3.
1934 852 2075 883 Joannis
2090 852 2220 883 heremi

621 904 882 941 MontisheriliS‚
912 903 1084 944 potestati,
1109 903 1296 943 capitaneo,
1321 902 1464 934 consilio
1493 903 1526 934 et
1553 903 1724 934 communi
1752 904 1908 935 Perusin.
1920 914 1929 940 3
1958 913 2033 944 ep.o
2061 905 2218 936 Perusin.

622 959 675 998 (A.
691 958 740 995 14,
754 957 778 988 f.
795 959 832 988 77
851 957 879 994 Ι>;
903 957 939 988 V.
958 959 1008 994 71,
1024 965 1078 997 ep.
1096 957 1180 995 103.)

669 1007 805 1040 12401.
820 1010 910 1040 -Ν.
930 1020 958 1041 υ.
978 1009 1228 1047 Archambamlo,
1250 1009 1364 1046 comiti,
1390 1013 1419 1039 et
1442 1019 1472 1040 n.
1492 1019 1532 1039 m.
1559 1008 1763 1039 Brunessendi
1786 1008 1822 1039 de
1845 1008 1942 1045 Furto,
1964 1011 2056 1040 matri
2078 1020 2149 1047 suae,
2176 1020 2222 1040 co-

624 1064 749 1094 mitissae
763 1063 1007 1103 Petraqoricen„
1025 1063 1148 1094 indult.
1166 1062 1311 1094 habendi
1328 1062 1387 1093 alt.
1406 1061 1575 1102 portatile.
1592 1061 1646 1102 (A.
1663 1065 1712 1098 14,
1735 1062 1758 1092 f.
1774 1063 1832 1094 134
1850 1062 1879 1099 b;
1906 1062 1942 1093 V.
1962 1065 2011 1097 71,
2028 1072 2080 1102 ep.
2097 1063 2184 1103 243.)

672 1113 808 1146 12402.
822 1134 861 1139 -
877 1115 1058 1147 Alexandro
1083 1115 1120 1146 de
1138 1115 1326 1156 Kyvinmont
1348 1115 1407 1155 qui
1422 1115 1503 1148 eccl.
1522 1115 1562 1146 de
1582 1115 1748 1151 Tavadas,
1773 1124 1801 1146 3.
1818 1115 1962 1146 Andreae
1978 1115 2037 1153 di.,
2055 1115 2225 1147 dimittere

625 1171 770 1207 tenetur,
785 1169 899 1201 collat.
912 1169 1048 1209 paroch.
1065 1169 1146 1200 6661.
1162 1169 1203 1200 de
1220 1168 1360 1206 Kinkel,
1377 1168 1592 1199 Aberdonen.
1609 1168 1669 1205 di.,
1681 1157 1819 1207 propter
1835 1168 2002 1199 diutinam
2017 1169 2227 1199 vacationem

626 1223 800 1255 collationi
821 1223 856 1254 S.
871 1224 913 1254 A.
934 1222 1122 1259 devolutae3
1148 1231 1216 1253 non
1239 1221 1327 1253 obst.
1351 1230 1469 1253 canon.
1495 1223 1527 1252 et
1552 1221 1655 1261 praeb.
1682 1221 1762 1252 eccl.
1793 1221 1991 1253 Brechinen.
2021 1223 2074 1262 (10
2101 1221 2228 1253 march.

626 1277 723 1317 arg.),
741 1278 774 1307 et
789 1275 892 1316 praeb.
910 1276 992 1307 6661.
1010 1275 1224 1307 Dunkelden.
1243 1283 1346 1314 super
1359 1283 1426 1314 qua
1441 1274 1532 1314 apud
1545 1274 1579 1306 S.
1595 1275 1637 1306 A.
1653 1274 1776 1314 litigat.
1793 1292 1831 1297 —
1842 1275 1868 1305 Ι.
1886 1283 1916 1306 6.
1930 1283 1975 1306 m.
1990 1274 2065 1306 abb.
2080 1276 2226 1306 monast.

627 1330 667 1361 de
685 1330 810 1369 Cupro,
828 1338 855 1360 s.
873 1329 1017 1360 Andreae
1038 1329 1099 1365 di.,
1123 1330 1155 1359 et
1173 1328 1280 1368 priori
1303 1327 1508 1359 cathedralis
1527 1327 1608 1359 6661.
1635 1336 1663 1358 3.
1682 1328 1838 1363 Andreae,
1863 1337 1901 1358 66
1918 1336 2005 1368 mag.
2033 1328 2164 1359 Buxolo
2187 1328 2227 1359 de

626 1383 761 1420 Parma,
778 1382 846 1413 ΡΡ.
863 1390 948 1421 661).,
964 1391 1037 1413 can.
1057 1382 1242 1413 Tornacen.
1262 1381 1315 1420 (A.
1333 1383 1382 1416 14,
1401 1381 1424 1411 f.
1439 1382 1479 1412 52
1496 1380 1526 1417 ¹³3
1550 1380 1586 1411 V.
1602 1382 1652 1418 71,
1666 1389 1719 1420 61).
1735 1382 1797 1419 11.)

674 1432 808 1465 12403.
826 1453 864 1458 -
881 1434 958 1466 Eid.
969 1435 1081 1466 collat.
1099 1443 1218 1466 canon.
1233 1433 1296 1464 sub
1310 1443 1407 1473 exsp.
1417 1433 1521 1473 praeb.
1532 1433 1856 1469 eccl.Aberdonen.,·
1872 1434 2004 1473 reliqua
2017 1435 2053 1465 ut
2064 1442 2091 1464 s.
2108 1434 2161 1472 (A.
2178 1435 2227 1471 14,

627 1489 651 1520 f.
670 1490 710 1520 52
730 1489 763 1524 ¹’;
784 1489 820 1520 V.
838 1490 889 1526 71,
903 1497 956 1528 ep.
976 1488 1037 1527 12.)

674 1538 808 1571 12404.
825 1559 865 1564 -
879 1541 961 1572 Ead.
979 1541 1088 1581 gratia
1114 1541 1149 1571 in
1175 1540 1255 1571 eccl.
1275 1540 1509 1577 Catalaunen.,
1529 1540 1658 1571 consid.
1678 1549 1711 1570 n.
1731 1549 1761 1570 v.
1781 1539 1893 1571 Caroli
1910 1540 2045 1571 comitis
2071 1540 2227 1572 Marchiae

628 1595 692 1627 filii
708 1596 750 1627 61.
772 1604 838 1626 me.
858 1594 1011 1634 Philippi
1030 1594 1121 1633 regis
1139 1594 1299 1630 Franciae‚
1321 1593 1413 1624 Petro
1439 1593 1466 1623 T
1465 1603 1580 1631 oussac,
1608 1597 1681 1623 nalo
1701 1592 1788 1623 Petri
1808 1593 1938 1623 Toussac
1958 1593 2033 1623 civis
2054 1593 2227 1630 Parisien.;

629 1657 696 1680 non
715 1648 802 1679 obst.
821 1656 940 1679 canon.
957 1647 1038 1678 eccl.
1056 1656 1083 1677 s.
1101 1646 1264 1686 Stephani
1280 1646 1319 1677 de
1340 1646 1524 1678 Gressibus
1542 1646 1710 1677 Parisien.
1731 1645 1794 1676 sub
1811 1646 2018 1686 exsp-praeb.
2037 1664 2075 1669 —
2090 1647 2116 1677 Ι.
2136 1655 2164 1677 6.
2180 1655 2226 1677 m.

630 1701 838 1741 Forojulien.
855 1703 888 1731 et
903 1700 1077 1732 Vivarien.
1090 1699 1189 1739 ep.is‚
1209 1708 1246 1730 ac
1261 1699 1337 1730 abb.
1348 1700 1494 1730 monast.
1515 1708 1541 1730 s.
1557 1699 1649 1730 Petri
1665 1699 1707 1730 ad
1723 1699 1855 1730 Montes
1871 1699 2090 1731 Catalaunen.
2109 1699 2161 1739 (A.
2177 1700 2227 1735 14,

631 1755 653 1786 f.
671 1756 710 1786 54
727 1759 758 1790 ³;
781 1753 816 1785 V.
834 1756 883 1791 71,
901 1762 954 1792 ep.
970 1752 1036 1792 20.)
1858 1778 1865 1783 .

677 1804 812 1836 12405.
830 1825 868 1830 -
885 1807 1032 1837 Securus
1058 1806 1244 1836 conductus
1259 1814 1325 1844 ,pro
1347 1805 1482 1836 nunciis
1508 1804 1679 1844 magnifici
1703 1805 1767 1835 viri
1794 1804 1935 1836 Roberti
1952 1805 2009 1844 qui
2026 1814 2087 1844 pro
2107 1805 2227 1837 Scotiae

631 1870 708 1900 rege
725 1869 761 1892 se
777 1860 874 1900 gerit.
894 1859 948 1899 (A.
967 1861 1016 1896 14,
1034 1859 1056 1889 f.
1074 1860 1114 1890 20
1130 1858 1167 1895 b,
1197 1858 1232 1890 V.
1251 1860 1302 1895 71,
1321 1867 1374 1897 ep.
1391 1859 1451 1895 60;
1469 1857 1625 1892 Τ1161661,
1642 1858 1837 1888 Monumenta
1849 1857 2053 1888 Hiber-norum
2076 1863 2104 1888 et
2123 1857 2229 1888 Scoto-

631 1924 709 1948 rum,
733 1922 765 1953 p.
787 1914 857 1950 214,
874 1913 948 1944 (106.
966 1911 1270 1950 CCCCXXXVII.)

678 1963 811 1995 12406.
830 1983 867 1988 -
884 1965 1011 1996 Indult.
1027 1965 1068 1996 ad
1085 1964 1356 2004 quinquennium
1374 1964 1505 1995 fructus
1522 1963 1762 1995 beneficiorum
1777 1972 1916 1995 suorum
1932 1964 2142 2003 percipiendi
2158 1963 2231 1995 abs-

632 2029 696 2060 que
715 2018 898 2051 residentia
921 2017 1104 2059 Raymundo
1121 2017 1158 2047 de
1180 2017 1270 2057 Ruffo
1283 2018 1413 2048 cantori
1428 2017 1507 2048 eccl.
1527 2017 1720 2053 Carnoten.‚
1744 2017 1954 2047 immorando
1972 2017 2109 2048 scolast.
2130 2016 2232 2048 disci-

633 2073 738 2113 plinis
757 2073 794 2103 in
816 2072 889 2103 1060
905 2071 963 2102 ubi
989 2071 1140 2102 studium
1159 2071 1270 2110 vigeat
1285 2070 1453 2110 generale,
1471 2070 1525 2101 vel
1543 2070 1576 2100 in
1595 2070 1689 2100 curia
1705 2069 1860 2101 Romana
1876 2070 1930 2100 vel
1947 2069 1982 2100 in
1999 2070 2105 2101 altero
2122 2070 2232 2102 benef.

633 2134 786 2158 suorum.
803 2142 840 2147 —
855 2125 882 2156 I.
901 2134 930 2156 e.
951 2133 995 2155 m.
1022 2124 1201 2155 Caturcen.
1223 2126 1254 2155 et
1282 2123 1488 2162 Forojulien.
1506 2123 1605 2162 ep.is‚
1622 2124 1654 2154 et
1669 2123 1806 2154 Sicardo
1826 2123 1865 2153 de
1883 2123 2010 2160 Vauro,
2029 2131 2100 2153 can.
2117 2123 2237 2154 Catur-

633 2188 704 2211 cen.
723 2179 776 2216 (A.
793 2181 841 2216 14,
860 2178 884 2209 f.
902 2179 941 2208 72
955 2183 984 2214 ²3
1004 2177 1040 2208 V.
1055 2179 1104 2214 71,
1118 2186 1169 2217 ep.
1183 2177 1250 2216 82.)
1479 2184 1481 2186 ’

680 2229 814 2261 12407.
833 2249 868 2253 -
886 2230 964 2261 Eid.
984 2230 1155 2261 indultum
1173 2230 1215 2260 ad
1239 2229 1510 2269 quinquennium
1534 2231 1570 2260 ut
1593 2229 1634 2259 ad
1657 2237 1771 2259 sacros
1798 2228 1934 2259 ordines
1956 2229 2149 2268 promoveri
2166 2237 2232 2259 non

633 2287 788 2317 teneatur
802 2284 891 2324 juris
911 2283 1001 2315 civil.
1022 2283 1135 2314 studio
1163 2282 1365 2319 insistendo,
1382 2282 1513 2313 ratione
1530 2282 1689 2313 cantoriae
1710 2283 1902 2317 Carnoten.⁷
1925 2283 1957 2312 et
1979 2281 2082 2321 praeb.
2108 2290 2145 2312 ac
2163 2290 2233 2312 360-

634 2338 772 2375 lastriae,
798 2346 871 2377 quae
887 2336 1139 2376 presbyterales
1155 2337 1318 2372 existunt,
1337 2336 1513 2367 Caturcen.
1530 2335 1692 2366 ecclesiae.
1704 2335 1757 2374 (A.
1777 2336 1825 2371 14,
1845 2335 1867 2365 f.
1884 2333 1964 2370 72¹³,
1980 2334 2015 2365 V.
2034 2336 2083 2371 71,
2100 2343 2152 2373 ep.
2169 2335 2233 2372 83.)

682 2388 818 2421 12408.
838 2408 876 2413 —-
892 2390 1086 2430 Duplicatio
1110 2389 1232 2420 indulti
1249 2389 1445 2420 Clementiae
1461 2388 1611 2419 Franciae
1627 2387 1762 2427 regime,
1779 2387 1933 2427 Lugduni
1956 2396 1975 2416 v
1991 2387 2036 2417 id.
2053 2388 2138 2425 sept.
2161 2395 2190 2416 a.
2209 2390 2234 2416 1⁰

636 2444 801 2482 concessi,
817 2446 854 2475 ut
871 2453 894 2474 x
909 2443 988 2474 cler.
1007 2443 1118 2482 ipsius
1132 2442 1310 2474 domestici
1320 2443 1353 2473 et
1366 2441 1567 2476 familiares,
1577 2442 1759 2479 praesentes
1774 2442 1806 2471 et
1822 2440 1961 2479 posteri,
1977 2439 2106 2470 fructus
2121 2439 2232 2470 benef.

637 2507 777 2530 suorum
799 2497 927 2537 absque
950 2496 1135 2528 residentia
1155 2495 1329 2535 percipere
1353 2494 1510 2530 valeant,
1533 2502 1609 2524 cum
1632 2493 1762 2532 priores
1788 2493 1922 2523 litteras
1944 2491 2137 2531 deperditas
2158 2499 2234 2522 esse

638 2552 822 2582 asseratur.
845 2568 882 2572 —
895 2550 921 2581 Ι.
940 2559 969 2580 e.
989 2558 1033 2580 m.
1053 2557 1128 2588 ep.o
1146 2548 1327 2585 Parisien.,
1346 2550 1378 2578 et
1395 2546 1471 2578 abb.
1489 2547 1633 2578 monast.
1651 2554 1679 2576 s.
1697 2545 1858 2576 Germani
1874 2545 1914 2575 de
1933 2544 2047 2575 Pratis
2059 2544 2159 2584 juxta
2174 2544 2233 2575 Pa-

638 2605 756 2641 risins,
774 2612 812 2635 ac
828 2603 953 2634 archid.
968 2603 1008 2634 de
1027 2611 1053 2633 s.
1070 2602 1241 2633 Antonino
1258 2601 1293 2632 in
1311 2601 1392 2632 eccl.
1409 2599 1599 2631 Ruthenen.
1621 2599 1676 2639 (A.
1696 2600 1746 2633 13,
1761 2598 1783 2628 f.
1803 2600 1886 2634 79³3
1911 2597 1943 2627 V.
1961 2599 2010 2634 71,
2027 2605 2079 2636 ep.
2101 2596 2186 2636 104.)

684 2653 820 2687 12409.
836 2673 874 2678 —
886 2655 1015 2687 Archid.
1033 2654 1069 2686 de
1087 2655 1226 2696 Campis,
1239 2658 1267 2684 et
1282 2654 1417 2684 sacristae
1434 2652 1603 2687 Palenhn„
1622 2661 1656 2681 ac
1674 2651 1805 2681 thesaur.
1824 2649 1956 2691 [spalen.
1975 2649 2046 2680 eccl.
2065 2649 2178 2680 mand.
2199 2651 2235 2681 ut

641 2710 808 2742 Roderico
824 2699 957 2746 Didaci,
974 2717 1046 2740 666.
1064 2707 1212 2748 praeben.
1232 2707 1312 2738 6661.
1330 2705 1492 2746 13116166,
1510 2704 1684 2736 conferant
1699 2704 1898 2734 decanatum
1916 2702 1997 2734 eccl.
2013 2702 2234 2734 Salamantin.

639 2772 712 2795 vac.
730 2771 792 2803 per
810 2762 892 2794 obit.
907 2761 1049 2793 Joannis
1064 2761 1104 2792 de
1121 2759 1390 2791 Montedomerii.
1408 2759 1462 2798 (A.
1480 2759 1529 2792 14,
1546 2757 1568 2788 f.
1587 2758 1667 2793 6723
1692 2755 1726 2786 V.
1744 2758 1794 2793 71,
1811 2764 1863 2795 ep.
1884 2755 1970 2794 219.)

687 2813 824 2846 12410.
841 2832 879 2837 -
892 2814 1029 2855 Praefato
1044 2813 1195 2844 Roderico
1210 2812 1322 2844 collat.
1338 2820 1456 2843 canon.
1475 2810 1538 2841 sub
1554 2818 1650 2849 exsp.
1667 2808 1770 2848 praeb.
1788 2817 1864 2839 cum
1887 2808 2129 2848 praestimoniis
2155 2807 2235 2839 eccl.

641 2869 865 2901 salamantin.
885 2884 922 2890 -
938 2867 965 2898 I.
984 2876 1012 2898 e.
1028 2875 1073 2897 m.
1093 2865 1298 2905 supradictis
1314 2862 1564 2896 executoribus.
1581 2862 1633 2901 (A.
1652 2863 1701 2899 14,
1720 2861 1743 2892 f.
1764 2863 1820 2893 103
1834 2861 1866 2897 b;
1890 2860 1922 2892 V.
1939 2863 1989 2899 71,
2007 2869 2060 2901 ep.
2077 2861 2162 2901 220.)

688 2918 827 2951 12411.
853 2937 892 2943 -
907 2920 1069 2959 Dispens.
1086 2927 1105 2950 a
1121 2919 1202 2950 vitio
1220 2917 1374 2949 simoniae
1401 2925 1461 2956 per
1489 2915 1614 2946 Petrum
1639 2924 1742 2956 epacm
1764 2914 1936 2945 Lausanen.
1957 2914 2149 2945 commissae
2165 2915 2203 2945 ut
2221 2922 2240 2945 a

643 2975 677 3006 S.
696 2975 736 3005 A.
760 2973 1008 3013 promotionem
1034 2979 1131 3002 suam
1148 2971 1190 3002 ad
1205 2970 1286 3002 eccl.
1308 2970 1498 3001 Lausanen.
1524 2976 1583 3008 per
1599 2967 1680 2999 obit.
1707 2967 1841 2999 Ottonis
1868 2975 1939 2998 vac.
1958 2966 2136 3004 obtineret,
2165 2975 2242 2998 cum
