2626 3568
1940 23 1954 25 ζ
1933 0 1951 9 ‘4

425 345 463 376 36
821 345 995 377 JOANNIS
1018 346 1137 378 PAPAE
1159 346 1262 378 XXII.
1286 348 1535 388 (1316-1334).
1558 366 1598 372 —
1619 348 1805 381 LITTERAE
1827 349 2053 382 COMMUNES

456 434 560 462 Datum
583 431 609 464 A
615 429 765 464 venione.

852 545 939 568 anno
955 537 1036 569 D.ni
1057 539 1147 575 1316,
1162 537 1216 569 die
1238 539 1278 568 24
1299 537 1517 578 septembris,
1542 537 1809 579 quintaedecimae
1825 539 2033 579 indictionis,
2053 547 2235 581 regnorum
2257 528 2470 572 nostrorum‘

851 599 939 622 anno
955 593 1081 623 octavo.
1099 590 1150 630 (A.
1172 592 1222 628 13,
1239 591 1261 622 f.
1280 592 1339 629 683
1361 591 1398 623 V.
1420 593 1470 628 70,
1485 599 1539 632 ep.
1559 590 1644 632 177.)

456 641 493 669 13
508 641 572 678 (id.)
591 649 654 669 nov.
672 641 760 670 ¹319.
896 641 1031 674 10664.
1051 663 1090 667 —-
1105 644 1203 682 Eid.;
1221 645 1433 676 confirmatio
1451 644 1683 676 concessionis
1697 645 1828 676 civitati
1843 645 2016 678 Botontin.
2031 655 2092 687 per
2111 646 2322 679 moxdictum
2338 655 2453 688 regem

541 686 571 713 T.
592 685 672 713 XXX.
850 698 946 729 factae
973 698 1088 730 favore
1113 698 1272 738 predictae
1296 698 1408 738 ipsius
1432 698 1552 730 uxoris
1570 698 1604 730 in
1623 701 1971 739 recompensationem
1995 701 2185 732 castrorum
2211 709 2240 733 s.
2268 700 2398 737 Severi,
2420 701 2454 732 et

850 751 1122 792 Turrismajoris,
1143 752 1185 783 ad
1202 751 1462 792 requisitionem
1479 751 1560 784 dicti
1577 753 1666 793 regis
1679 761 1740 792 per
1754 752 1908 784 eamdem
1924 752 1999 793 ejus
2011 762 2154 786 uxorem
2174 753 2211 785 in
2225 753 2384 786 manibus
2403 753 2456 794 ip·

849 805 924 837 sius
939 805 1046 836 libere
1062 805 1322 845 resignatorum.
1338 805 1391 836 Ad
1405 805 1531 837 calcem
1542 805 1715 846 privilegii
1730 805 1856 846 legitur
1874 817 1880 837 :
1899 816 1915 837 «
1931 806 2054 838 Actum
2065 807 2224 847 Neapoli,
2236 806 2454 847 presentibus

848 858 1035 890 venerabili
1057 859 1147 899 patri
1172 859 1360 898 Ingeranno
1383 859 1553 899 archiep.0
1575 858 1738 899 Capuan„
1763 861 1796 890 et
1817 859 2003 891 Guillelmo
2018 860 2196 892 Puteolan.
2213 868 2302 901 ep.o,
2317 860 2454 893 dilectis

848 912 1056 944 consiliariis
1079 912 1308 944 familiaribus
1329 914 1363 944 et
1386 912 1547 944 fidelibus
1563 912 1692 944 nostris
1715 921 1752 944 ac
1774 913 1934 953 pluribus
1955 913 2047 952 aliis,
2062 915 2095 946 et
2110 913 2228 946 datum
2245 912 2373 946 ibidem
2391 922 2454 955 per

848 975 970 997 manus
993 966 1229 997 Bartholomaei
1249 966 1290 997 de
1314 966 1429 1006 Capua
1446 966 1569 998 militis
1592 966 1854 998 locumtenentis
1877 967 1910 998 et
1934 967 2181 1007 prothonotarii
2203 967 2299 1008 regni
2314 967 2452 1005 Siciliae,

848 1029 935 1051 anno
952 1020 1032 1051 D.ni
1048 1021 1125 1051 1317
1142 1019 1196 1050 die
1209 1019 1489 1059 septimodecimo
1508 1019 1656 1060 augusti,
1674 1020 1924 1060 quintedecime
1946 1020 2157 1058 indictionis,
2176 1029 2359 1062 regnorum
2373 1029 2454 1053 nos-

847 1075 977 1105 trorum
995 1082 1083 1104 anno
1098 1081 1187 1104 nono
1202 1073 1347 1104 feliciter
1362 1074 1483 1104 Amen.
1500 1081 1519 1103 »
1535 1073 1587 1111 (A.
1604 1074 1653 1111 13,
1675 1073 1698 1104 f.
1715 1075 1771 1110 69;
1795 1072 1828 1104 V.
1844 1075 1895 1112 70,
1913 1082 1966 1114 ep.
1985 1075 2070 1113 178.)

568 1123 604 1151 Ut
624 1132 647 1152 s.
892 1125 903 1137 ‘
931 1123 1064 1155 10665.
1078 1144 1116 1149 —
1134 1125 1210 1156 Eid.
1235 1126 1350 1166 reqinae
1370 1126 1612 1157 confirmantur
1631 1135 1750 1158 omnes
1774 1127 1976 1159 donationes
1997 1136 2018 1159 a
2037 1126 2189 1160 Roberto
2209 1127 2283 1160 viro
2303 1135 2366 1160 sno
2383 1125 2453 1160 sibi
2514 1170 2517 1173 ‚

847 1181 952 1217 factae,
971 1180 1050 1211 dum
1064 1181 1177 1211 tamen
1194 1179 1230 1210 in
1245 1179 1423 1211 viduitatis
1441 1180 1532 1211 statu
1548 1181 1732 1215 remaneat,
1750 1188 1812 1212 nec
1828 1180 1871 1212 ad
1887 1181 2036 1212 secunda
2051 1182 2130 1213 vota
2145 1182 2309 1213 transeat.
2325 1180 2380 1221 (V.
2397 1182 2451 1220 70,

847 1243 864 1266 0
893 1259 899 1265 .
915 1236 984 1266 179.

567 1284 603 1312 Ut
623 1293 646 1311 s.
866 1243 903 1298 p·
926 1233 1061 1317 1οἐ66.
1081 1304 1120 1310 -
1136 1287 1305 1319 Abbatissae
1324 1293 1352 1318 el
1369 1297 1456 1318 conv.
1473 1291 1603 1318 monast.
1618 1296 1759 1318 sororum
1777 1297 1802 1319 s.
1822 1286 1972 1328 Corporis
1991 1286 2109 1319 Christi
2125 1267 2342 1330 Neapolitan„
2357 1287 2392 1320 0.
2409 1287 2448 1320 S.

846 1341 959 1378 Clarae,
973 1342 1192 1373 confirmatur
1209 1341 1347 1372 donatio
1362 1341 1515 1381 plurium
1530 1341 1636 1376 civit„
1650 1342 1853 1378 castrorum,
1863 1341 2041 1379 casalium,
2052 1342 2222 1374 terrarum
2235 1341 2450 1374 othonorum

845 1395 1032 1427 feudalium
1054 1395 1088 1426 in
1108 1404 1212 1435 regno
1238 1394 1454 1435 Neapolitan.
1482 1394 1754 1432 consistentium,
1781 1403 1842 1434 per
1864 1394 2053 1426 Robertum
2075 1395 2202 1427 Siciliae
2226 1403 2342 1436 regem
2359 1395 2451 1428 facta

845 1450 959 1481 favore
985 1449 1115 1481 Sanciae
1139 1449 1250 1489 ipsius
1272 1449 1403 1484 uxoris,
1421 1449 1456 1479 in
1480 1448 1694 1480 assecutione
1718 1448 1927 1488 provisionis
1957 1448 2061 1480 annui
2086 1449 2241 1481 redditus
2269 1449 2449 1481 unciarum

845 1504 919 1535 auri
943 1505 1037 1535 2000
1060 1512 1121 1543 pro
1146 1503 1223 1534 dote
1247 1503 1280 1534 et
1302 1502 1442 1534 doderio
1462 1502 1586 1542 ipsius,
1609 1511 1755 1542 quarum
1775 1502 1837 1534 400
1860 1502 1964 1534 annui
1980 1501 2134 1534 redditus
2151 1502 2369 1535 destinantur
2386 1510 2450 1544 pro

845 1557 1042 1588 fundatione
1057 1556 1202 1588 solemni
1220 1557 1365 1588 monast.
1384 1565 1412 1588 s,
1428 1555 1590 1595 Corporis
1607 1555 1734 1587 Christi
1749 1555 1813 1586 sub
1824 1555 1946 1587 hostiae
1960 1556 2086 1588 sanctae
2099 1555 2264 1588 vocabulo
2278 1555 2449 1598 insigniti,

845 1612 887 1642 ad
904 1610 1070 1642 moniales
1089 1611 1159 1641 ord.
1180 1619 1207 1641 s.
1223 1610 1330 1641 Clarae
1347 1611 1405 1641 100
1423 1618 1564 1641 numero
1580 1609 1805 1648 collocandas,
1822 1618 1882 1650 per
1897 1609 2023 1641 dictam
2036 1609 2188 1650 reginam
2204 1609 2240 1641 in
2253 1609 2346 1642 civit.
2363 1609 2450 1643 Nea-

844 1665 985 1705 politan.
1002 1664 1199 1696 constructi.
1223 1682 1261 1686 —
1280 1663 1506 1704 Privilegium
1523 1663 1566 1694 ad
1580 1663 1707 1694 calcem
1722 1662 1842 1695 habet:
1863 1673 1879 1694 «
1897 1663 2024 1695 Datum
2036 1663 2155 1695 Januae
2167 1671 2229 1704 per
2245 1663 2450 1704 magistrum

843 1719 1016 1750 Matheum
1032 1718 1224 1749 Filnarium
1247 1717 1288 1748 de
1305 1717 1462 1757 Neapoli,
1481 1717 1662 1757 utriusque
1681 1717 1771 1757 juris
1796 1716 2038 1757 professorem,
2055 1717 2168 1748 locum
2186 1717 2358 1749 tenentem
2373 1724 2451 1758 pro-

843 1772 1028 1804 thonotarii
1045 1772 1139 1812 regni
1162 1771 1289 1809 Sicilie,
1307 1771 1543 1803 consiliarium
1564 1771 1770 1802 familiarem
1791 1771 1824 1802 et
1843 1770 1979 1802 fidelem
1997 1772 2152 1802 nostrum
2166 1770 2341 1810 dilectum,
2357 1778 2447 1803 anno

843 1827 982 1858 Domini
1007 1827 1095 1864 1318,
1115 1825 1169 1856 die
1184 1825 1419 1857 tertiodecimo
1434 1824 1641 1862 novembris,
1661 1824 1817 1855 secundae
1832 1823 2039 1862 indictionis,
2055 1833 2238 1865 regnorum
2251 1825 2447 1856 nostrorum

843 1889 932 1912 anno
948 1879 1091 1910 decimo.
1109 1889 1124 1909 »
1143 1878 1194 1916 (A.
1220 1881 1269 1914 13,
1290 1878 1314 1910 f.
1333 1879 1395 1916 29;
1415 1878 1452 1910 V.
1469 1879 1518 1915 70,
1537 1887 1591 1918 ep.
1610 1879 1684 1914 1805
1702 1877 1822 1913 Eubel‚
1840 1887 1891 1918 op.
1912 1877 1977 1916 cit.,
1994 1879 2018 1909 t.
2034 1878 2076 1915 V.
2092 1886 2127 1918 p.
2147 1879 2216 1916 177,
2231 1885 2264 1908 n.
2282 1877 2369 1917 381.)

563 1932 598 1961 Ut
619 1941 643 1960 s·
890 1931 1025 1963 10667.
1043 1952 1081 1956 -
1096 1933 1229 1964 Joannes
1242 1932 1278 1963 de
1290 1931 1530 1973 Bordolayrano
1543 1940 1646 1972 praep.
1661 1931 1734 1962 eccl.
1747 1930 1898 1968 Insulen„
1915 1929 2105 1962 Cavallicen.
2123 1930 2183 1967 di.,
2193 1930 2399 1972 subrogatur
2410 1930 2448 1963 in

843 1988 936 2020 omni
947 1987 1034 2028 jure,
1054 1987 1144 2027 quod
1168 1986 1292 2026 quond.
1311 1987 1448 2018 Rutano
1463 1986 1504 2017 de
1519 1985 1647 2022 Insula,
1670 1985 1875 2017 Cavallicen.
1893 1984 1954 2020 di.,
1972 1984 2183 2025 competebat
2201 1993 2304 2025 super
2318 1993 2447 2026 praepo-

844 2042 952 2073 situra
979 2041 1060 2072 0001.
1080 2040 1245 2076 Insulen.,
1267 2040 1363 2071 dictae
1380 2039 1441 2077 di.,
1465 2040 1603 2079 propter
1627 2047 1730 2078 quam
1754 2038 1798 2069 lis
1821 2037 1986 2078 pendebat
2010 2038 2046 2070 in
2067 2038 2222 2070 Romana
2237 2037 2341 2070 Curia
2356 2038 2446 2070 inter

843 2096 956 2135 ipsum
974 2095 1159 2131 Rutanum,
1176 2094 1258 2125 dum
1273 2093 1414 2131 viveret,
1431 2094 1463 2124 et
1479 2092 1723 2132 Raymundum
1737 2091 1928 2132 Payrolerii
1944 2091 2024 2123 cler.
2038 2091 2136 2123 dictae
2147 2091 2208 2127 di.,
2226 2099 2294 2123 non
2307 2090 2396 2124 obst.
2410 2091 2448 2124 in

843 2149 1076 2185 Catalaunen„
1094 2148 1266 2179 Lodoven.
1281 2149 1313 2178 et
1329 2155 1357 2177 S.
1372 2146 1549 2178 Affrodisii
1563 2146 1729 2178 Biterren.
1747 2145 1828 2177 eccl.
1843 2153 1960 2177 canon.
1979 2146 2012 2177 et
2028 2144 2144 2185 praeb.,
2160 2153 2199 2176 ac
2213 2144 2350 2186 paroch.
2364 2145 2448 2178 eccl.

843 2213 870 2234 s.
884 2202 1046 2242 Stephani
1062 2202 1103 2232 de
1119 2202 1299 2233 Ronenaco
1313 2209 1389 2231 cum
1404 2200 1549 2231 annexis
1562 2199 1641 2237 eid„
1657 2199 1807 2231 Electen.
1824 2199 1870 2230 di.
1887 2217 1924 2222 —
1939 2199 1966 2230 I.
1984 2207 2013 2230 e.
2028 2207 2073 2230 m.
2088 2207 2165 2239 ep.o
2179 2198 2400 2238 Forojulien„
2414 2199 2450 2232 et

844 2257 969 2288 decano
985 2255 1026 2286 de
1041 2255 1207 2290 Burlatio.
1226 2255 1379 2286 Castren.
1395 2254 1456 2291 di.,
1470 2262 1508 2285 ac
1522 2253 1645 2285 Joanni
1661 2253 1702 2284 de
1714 2262 1741 2284 s.
1757 2252 1956 2290 Guillelmo,
1972 2261 2045 2284 can.
2063 2252 2219 2284 Anieien.
2235 2251 2382 2293 eccl.(A.
2394 2253 2447 2291 ¹3,

844 2310 868 2341 f.
884 2311 943 2342 226
960 2309 990 2344 ¹³3
1013 2309 1045 2339 V.
1065 2310 1114 2345 70,
1132 2317 1184 2348 ep.
1203 2309 1288 2347 435.)

490 2360 526 2388 Μ
542 2368 606 2389 nov.
627 2361 715 2389 1319.
890 2360 1024 2392 10668.
1042 2381 1080 2385 —
1098 2362 1287 2401 Berenqario
1302 2361 1450 2392 Portuen.
1477 2366 1505 2392 et
1524 2371 1548 2391 s.
1574 2360 1694 2402 Rufinae
1710 2369 1778 2401 ep.o
1801 2359 1888 2392 conf.
1913 2359 2054 2400 priorat.
2076 2367 2138 2391 seu
2149 2351 2287 2399 paroch.
2305 2358 2387 2390 eccl.
2406 2358 2448 2393 de

474 2409 564 2441 (xvm
577 2406 638 2433 kal.
653 2406 730 2442 dec.)
844 2417 1044 2454 Olozanitis‚
1061 2416 1270 2448 Nemausen.
1287 2415 1346 2453 di.,
1362 2424 1422 2455 per
1440 2423 1512 2446 can.
1529 2415 1750 2452 Nemausen.,
1771 2413 1809 2446 O.
1825 2413 1930 2451 S.·A.,
1947 2412 2070 2444 solitus
2086 2411 2180 2453 gub..
2197 2420 2270 2444 vac.
2287 2421 2350 2452 per
2363 2412 2449 2445 resi-

843 2471 933 2510 gnat.
951 2469 1065 2500 Pontii
1078 2469 1231 2506 Imberti,
1248 2469 1345 2500 dictae
1362 2469 1442 2500 0001.
1457 2476 1544 2506 can„
1559 2477 1602 2500 ex
1614 2476 1717 2499 causa
1727 2466 1989 2507 permutationis
2000 2474 2078 2497 cum
2093 2465 2183 2497 dicto
2200 2474 2276 2505 ep.o
2287 2465 2448 2499 faciendae

842 2524 883 2555 de
901 2522 1081 2554 archidiac.
1107 2522 1187 2554 0001.
1206 2522 1427 2560 Nemausen.,
1446 2523 1479 2554 et
1498 2522 1638 2562 priorat.
1659 2529 1720 2552 seu
1740 2520 1876 2561 paroch.
1893 2520 1975 2551 0001.
1993 2519 2033 2551 de
2047 2519 2242 2560 Margaritis
2255 2519 2322 2551 eid.
2340 2518 2449 2551 archi-

842 2577 928 2608 diac.
948 2585 1097 2612 annexa3
1116 2584 1182 2607 non
1201 2575 1287 2607 obst.
1304 2576 1344 2607 de
1361 2575 1558 2607 Savarduno
1581 2576 1614 2606 et
1630 2574 1671 2606 de
1693 2573 1944 2606 Rodumvillari
1960 2572 2183 2613 prioratibus,
2205 2574 2238 2604 et
2260 2572 2449 2605 cameraria

842 2639 871 2662 s.
885 2629 1060 2662 Saturnini
1076 2638 1153 2660 cum
1175 2629 1249 2660 suis
1263 2629 1375 2660 benef.
1393 2628 1622 2669 regularibus,
1645 2636 1683 2659 ac
1699 2627 1740 2659 de
1758 2626 1923 2665 Vebiano,
1941 2626 2070 2664 saecul..
2091 2626 2265 2662 Tolosan.,
2290 2626 2447 2664 Trecen.,

841 2685 975 2717 Uticen.
992 2684 1025 2715 et
1041 2682 1209 2715 Biterren.
1221 2682 1280 2720 di.,
1297 2684 1329 2714 et
1344 2691 1371 2714 s.
1391 2682 1569 2722 Crisogoni
1585 2682 1626 2713 de
1645 2680 1736 2713 Urbe
1747 2680 1827 2712 eccl.
1837 2691 1847 2718 ;
1863 2681 2019 2721 sequitur
2033 2679 2186 2720 dispens.
2204 2688 2307 2720 super
2318 2679 2444 2720 plural.

841 2737 951 2769 benef.
968 2755 1008 2760 —
1024 2737 1050 2768 Ι.
1074 2745 1103 2768 0.
1121 2745 1165 2767 m.
1184 2736 1291 2776 priori
1312 2736 1353 2767 de
1369 2735 1521 2773 Lunello,
1547 2734 1758 2775 Magalonen.
1778 2734 1836 2771 di.,
1853 2735 1886 2766 et
1903 2742 2006 2774 praep.
2030 2733 2248 2771 Avinionen.,
2266 2741 2303 2765 ac
2318 2733 2446 2765 Beren-

841 2791 935 2832 gario
950 2791 990 2822 de
1006 2790 1166 2830 Olargiis‚
1181 2789 1332 2821 thesaur.
1350 2789 1518 2820 Biterren.
1536 2788 1616 2819 eccl.
1636 2787 1688 2827 (V.
1706 2789 1757 2825 70,
1777 2797 1829 2828 ep.
1844 2787 1931 2828 207.)

561 2842 596 2870 Ut
616 2851 640 2871 s.
887 2842 1022 2874 10669.
1038 2862 1076 2867 -
1090 2842 1205 2874 Pontio
1225 2842 1352 2873 Imberti
1366 2842 1455 2873 conf.
1482 2841 1662 2873 archidiac.
1681 2841 1762 2872 eccl.
1778 2841 2001 2879 Nemausen.,
2017 2841 2051 2872 et
2068 2840 2211 2881 priorat.
2230 2848 2291 2872 seu
2307 2839 2444 2879 paroch.

841 2898 921 2930 eccl.
941 2899 982 2930 de
997 2896 1191 2938 Margaritis
1208 2896 1274 2928 eid.
1300 2895 1481 2927 archidiac.
1502 2903 1645 2933 annexa,
1673 2903 1715 2926 ex
1731 2903 1834 2926 causa
1854 2894 2015 2935 praedicta
2038 2893 2300 2934 permutationis
2315 2901 2387 2924 vac.
2405 2909 2445 2916 -

841 2952 868 2983 1.
887 2960 916 2983 e.
941 2961 986 2982 m.
1010 2950 1118 2991 priori
1137 2951 1169 2982 et
1185 2959 1288 2990 praep.
1315 2948 1532 2990 supradictis
1560 2957 1598 2980 ac
1621 2949 1722 2980 Petro
1747 2947 1917 2986 Brivardi,
1944 2956 2017 2979 can.
2042 2946 2200 2979 Anicien.
2221 2946 2302 2978 eccl.
2321 2946 2374 2987 (A.
2393 2947 2444 2984 13,

842 3005 941 3036 f.117
957 3004 990 3042 ιη
1012 3005 1048 3036 V.
1068 3006 1118 3042 70,
1136 3012 1189 3044 ep.
1206 3004 1291 3043 219.)
