2566 3562
245 415 348 442 Datum
367 409 552 444 Avenione.

209 517 230 544 6
248 520 315 552 (vm
336 516 388 550 id.)
409 524 473 545 nov.
493 516 581 544 ¹320.
640 507 644 513 ¹

356 676 391 705 Ut
412 685 436 706 s.

354 837 390 865 Ut
411 846 434 865 s.

350 997 387 1025 Ut
407 1006 431 1025 s.
467 1016 470 1018 -

350 1105 387 1133 Ut
407 1113 432 1133 ε.

350 1265 386 1294 Ut
407 1274 430 1295 S.

341 1427 376 1454 Ut
399 1435 423 1455 s.

343 1535 379 1562 Ut
397 1543 422 1562 s.

345 1695 381 1724 Ut
402 1704 425 1724 S.

341 1803 377 1831 Ut
397 1811 422 1831 S.

344 1908 379 1936 Ut
400 1917 424 1938 e.

340 2014 378 2043 Ut
393 2023 418 2044 s.

342 2284 378 2313 Ut
398 2294 423 2313 s.

338 2443 373 2471 Ut
391 2452 417 2472 s.

338 2602 375 2631 Ut
394 2612 417 2631 s.

337 2710 373 2739 Ut
394 2719 419 2740 s,

338 2976 375 3005 Ut
395 2986 420 3006 s.

621 324 795 355 JOANNIS
818 325 936 356 PAPAE
958 325 1060 357 XXII.
1087 328 1335 366 (1316-1334).
1360 344 1399 349 —
1421 326 1606 357 LITTERAE
1631 327 1681 357 DE
1705 327 1836 359 CURIA‘
2187 332 2246 363 355

688 514 824 547 13156.
838 536 875 541 -—
894 517 969 548 Eid.
986 518 1086 548 facul.
1115 518 1272 558 privandi
1300 518 1393 554 cler„
1412 518 1646 550 inobedientes
1671 519 1704 549 in
1722 519 1775 550 his
1798 529 1872 559 quae
1896 523 2051 560 spectant
2070 523 2110 554 ad
2132 523 2242 563 ipsius

640 570 822 611 legationis
845 571 912 607 off..
932 571 1092 602 omnibus
1116 571 1236 611 gratiis
1255 571 1297 601 ab
1320 572 1360 602 A.
1383 571 1416 602 S.
1438 572 1523 610 ipsis
1546 573 1730 610 concessis,
1751 575 1782 603 et
1805 573 1981 606 inhibendi
2003 578 2242 609 executoribus

639 632 756 655 earum
771 633 812 655 ne
826 624 868 655 ad
883 633 941 655 eas
956 624 1150 664 procedant.
1170 625 1222 664 (A.
1245 627 1293 658 14,
1313 625 1335 655 f.
1349 626 1410 656 469
1425 630 1457 661 ³3
1482 624 1517 655 V.
1531 626 1581 662 71,
1596 634 1648 664 ep.
1665 627 1700 656 51
1719 625 1755 656 de
1771 626 1850 665 cur.)

685 674 819 706 14157.
838 695 876 700 -
896 677 1012 709 Facul.
1036 677 1192 707 mooedicco
1212 677 1311 717 leqato
1334 686 1494 708 concessa
1512 678 1709 709 absolvendi
1733 679 1812 710 illos
1835 680 1892 719 qui
1911 682 2027 713 contra
2043 684 2168 715 statuta
2185 693 2239 725 sy-

638 731 774 762 nodalia
797 731 972 762 venientes
996 739 1127 762 excom.
1155 731 1359 762 sententiam
1386 731 1604 768 incurrerint,
1634 732 1818 763 dummodo
1846 733 1917 764 illis
1943 743 2087 774 quorum
2115 739 2241 770 statuta

638 785 914 823 contempserunt
931 783 1172 814 satisfecerint.
1188 784 1243 823 (A.
1262 785 1310 820 14,
1332 783 1354 814 f.
1373 785 1432 815 469
1448 789 1478 820 ³3
1505 783 1536 814 V.
1556 786 1605 818 71,
1621 793 1673 823 ep.
1691 786 1730 816 52
1747 785 1783 815 de
1800 788 1880 825 cur.)

683 833 819 865 14158.
838 854 877 859 —
891 837 1048 867 Potestas
1063 835 1123 866 eid.
1142 835 1242 876 quato
1261 845 1421 867 concessa
1439 837 1618 867 exercendi
1636 846 1814 868 censuram
1840 839 2029 871 ecclesiast.
2048 841 2082 872 in
2100 844 2240 881 patriar-

637 889 727 926 chas,
745 889 934 928 archiep.os
950 891 1013 920 etc.
1031 891 1064 920 et
1079 897 1312 928 quascumque
1333 897 1423 928 pers.
1443 889 1631 920 ecclesiast.
1651 892 1683 920 et
1699 890 1892 927 saeculares,
1910 900 1986 922 cum
2004 894 2126 926 viderit
2142 904 2241 936 expe·

635 942 720 973 dire.
741 942 795 982 (A.
815 945 863 976 14,
880 942 902 973 f.
921 944 982 974 469
995 947 1025 978 ³;
1048 941 1080 971 V.
1097 943 1147 980 71,
1165 951 1217 982 ep.
1232 944 1271 973 53
1287 941 1324 972 de
1337 942 1418 982 cur.)

682 992 816 1024 14159.
833 1013 871 1018 -
893 996 994 1027 Cone.
1018 994 1078 1025 eid.
1099 994 1198 1036 leqato
1215 997 1253 1026 ut
1275 997 1343 1026 tam
1362 995 1435 1034 ipse
1461 1004 1562 1035 quam
1582 996 1655 1035 ejus
1675 996 1863 1028 familiares
1879 999 2014 1037 possint
2036 1001 2240 1041 participare

635 1050 668 1080 et
686 1050 850 1080 tractatus
866 1048 990 1080 habere
1003 1057 1079 1080 cum
1098 1049 1413 1080 excommunicatis.
1431 1049 1481 1086 (A.
1504 1050 1553 1086 14,
1573 1049 1596 1079 f.
1612 1050 1673 1080 469
1687 1049 1722 1085 b3
1742 1050 1777 1081 V.
1798 1052 1847 1088 71,
1866 1060 1918 1091 ep.
1936 1053 1975 1083 54
1988 1052 2024 1083 de
2039 1054 2120 1094 cur.)

682 1099 818 1132 14160.
844 1120 882 1124 -
911 1101 1021 1132 Eidem
1051 1102 1151 1142 leyato
1179 1102 1280 1133 facul.
1298 1102 1523 1141 compellendi
1543 1103 1681 1142 quosvis
1705 1104 1864 1142 praelatos
1879 1105 1921 1135 ad
1940 1106 2189 1144 providendum
2205 1110 2240 1140 in

634 1156 838 1187 necessariis
852 1156 987 1187 nunciis
1002 1165 1087 1196 quos
1106 1164 1166 1196 pro
1185 1155 1381 1187 commissis
1398 1156 1464 1186 sibi
1483 1156 1628 1196 negotiis
1643 1157 1839 1189 destinabit.
1854 1157 1906 1198 (A.
1921 1160 1969 1196 14,
1983 1159 2005 1190 f.
2020 1162 2080 1191 477
2090 1166 2117 1197 ²‚·
2139 1162 2175 1193 V.
2190 1165 2239 1199 71,

635 1219 688 1250 ep.
704 1211 743 1242 55
760 1209 796 1240 de
811 1210 924 1249 curia.)

682 1260 814 1292 14161.
839 1281 878 1287 -
900 1263 1012 1294 Eidem
1035 1263 1137 1294 facul.
1158 1262 1357 1303 injungendi
1385 1263 1549 1294 fratribus
1579 1264 1628 1299 P..
1646 1264 1691 1294 M.
1712 1266 1744 1294 et
1762 1265 1907 1296 aliorum
1924 1266 1996 1297 ord.
2014 1268 2117 1299 etiam
2143 1271 2239 1300 extra

634 1326 704 1349 suae
727 1317 909 1358 legationis
931 1316 1097 1349 terminos
1112 1325 1333 1357 quaecumque
1351 1316 1475 1347 viderit
1488 1317 1657 1356 expedire.
1681 1318 1732 1355 (A.
1751 1319 1800 1353 14,
1813 1318 1836 1349 f.
1853 1321 1912 1350 477
1929 1324 1963 1357 ⁸3
1988 1320 2022 1352 V.
2042 1323 2092 1359 71,
2124 1330 2175 1361 ep.
2200 1325 2239 1354 5ss

632 1371 670 1403 de
687 1372 785 1410 curia)

679 1422 814 1455 14162.
842 1442 882 1449 —-
910 1423 1021 1456 Eidem
1050 1425 1172 1456 indult.
1200 1425 1237 1456 ut
1255 1424 1430 1455 confessor
1448 1424 1558 1464 ipsius
1577 1424 1687 1463 possit
1705 1425 1736 1456 ei
1752 1425 1786 1456 in
1803 1426 1923 1457 mortis
1940 1427 2084 1459 articulo
2101 1428 2238 1468 plenam

631 1479 872 1510 remissionem
885 1479 1099 1518 peccatorum
1113 1478 1309 1509 concedere.
1330 1478 1382 1516 (A.
1397 1480 1445 1514 14,
1463 1477 1486 1508 f.
1502 1480 1562 1508 477
1580 1483 1615 1515 a;
1642 1477 1675 1509 V.
1691 1480 1741 1516 71,
1762 1487 1814 1518 ep.
1833 1481 1871 1510 57
1888 1479 1925 1509 de
1950 1481 2061 1519 curia.)

678 1529 811 1562 14163.
843 1549 883 1555 -
907 1531 1020 1562 Eidem
1038 1531 1139 1563 facul.
1160 1531 1365 1563 concedendi
1381 1531 1509 1571 indulg.
1529 1531 1633 1562 unius
1649 1532 1729 1562 anni
1747 1533 1780 1563 et
1794 1543 1809 1562 c
1827 1533 1960 1564 dierum
1980 1534 2052 1565 illis
2070 1535 2128 1575 qui
2146 1545 2236 1567 acce-

630 1586 709 1618 dent
725 1586 860 1627 quoties
878 1586 991 1626 ipsum
1007 1585 1186 1626 contigerit
1201 1585 1236 1615 in
1254 1584 1467 1616 solemnibus
1486 1585 1680 1616 divinorum
1698 1585 1752 1616 off.
1776 1586 1829 1616 vel
1845 1586 1994 1626 publicis
2016 1588 2237 1627 parlamentis

629 1640 857 1680 personaliter
870 1640 1047 1671 interesse.
1063 1639 1117 1680 (A.
1133 1640 1182 1676 14,
1198 1638 1221 1670 f.
1237 1641 1296 1670 477
1307 1638 1338 1674 b;
1364 1637 1397 1669 V.
1413 1639 1462 1675 71,
1477 1647 1529 1678 ep.
1546 1640 1586 1670 58
1603 1638 1638 1668 de
1658 1639 1768 1676 curia.)

676 1691 810 1724 14164.
830 1711 869 1716 -
884 1692 962 1724 Eid.
976 1693 1076 1724 facul.
1087 1692 1307 1732 dispensandi
1319 1700 1395 1723 cum
1410 1691 1562 1731 praelatis
1578 1693 1610 1723 et
1624 1692 1702 1722 aliis
1718 1701 1820 1731 super
1831 1692 2081 1732 irregularitate
2099 1695 2236 1726 ferendo

629 1747 817 1779 sententias
834 1747 907 1778 sine
924 1746 1062 1786 scriptis
1080 1747 1262 1777 contracta.
1280 1745 1334 1785 (A.
1352 1747 1401 1781 14,
1418 1745 1439 1776 f.
1457 1747 1516 1776 477
1535 1744 1567 1780 ¹³3
1593 1744 1625 1776 V.
1644 1748 1694 1782 71,
1712 1754 1764 1785 ep.
1781 1745 1820 1777 59
1837 1746 1873 1776 de
1889 1749 1968 1786 cur.)

676 1798 811 1830 14165.
829 1818 867 1822 —
882 1800 956 1830 Eid.
974 1800 1075 1831 facul.
1095 1798 1289 1830 celebrandi
1305 1798 1372 1830 alta
1388 1807 1468 1830 voce
1486 1800 1518 1829 et
1533 1799 1680 1838 pulsatis
1697 1800 1871 1839 campanis
1888 1801 1923 1831 in
1944 1800 2029 1832 locis
2047 1802 2235 1834 ecclesiast.

629 1854 809 1886 interdicto
826 1853 1028 1894 suppositis.
1046 1853 1100 1894 (A.
1117 1855 1166 1890 14,
1186 1852 1210 1883 f.
1229 1853 1287 1883 477
1306 1852 1336 1890 ¹³3
1361 1851 1393 1883 V.
1407 1853 1457 1889 71,
1477 1861 1528 1892 ep.
1547 1854 1587 1884 60
1605 1852 1640 1882 de
1661 1853 1773 1891 curia.)

676 1904 811 1937 14166.
836 1925 874 1930 -
889 1907 966 1938 Eid.
985 1907 1086 1938 facul.
1105 1905 1298 1938 celebrandi
1318 1905 1531 1945 faciendique
1547 1905 1719 1937 celebrare
1736 1908 1812 1937 ante
1829 1906 1931 1938 diem.
1953 1907 2003 1945 (A.
2022 1908 2096 1944 14‚f
2111 1934 2116 1940 .
2134 1911 2194 1940 477
2206 1908 2234 1945 ἱ),-

633 1961 669 1992 V.
689 1963 739 1999 71,
759 1966 811 2000 ep'.
826 1963 862 1993 61
880 1961 915 1991 de
933 1960 1047 2000 curia.)

674 2012 809 2044 14167.
829 2031 866 2036 -
881 2014 994 2045 Eidem
1010 2014 1111 2045 facul.
1129 2012 1351 2053 dispensandi
1364 2021 1439 2044 cum
1454 2013 1611 2052 personis
1628 2021 1697 2043 suae
1715 2013 1897 2053 legationis
1913 2023 2015 2054 super
2032 2015 2165 2046 defectu
2181 2024 2236 2046 na·

626 2069 760 2105 talium,
777 2077 853 2100 cum
873 2068 1000 2099 suerint
1016 2068 1057 2098 de
1071 2067 1182 2098 soluta
1198 2068 1255 2097 aut
1273 2066 1479 2097 subdiacono
1496 2066 1616 2106 genitae
1631 2066 1685 2097 vel
1701 2066 1785 2097 diac.
1804 2068 1836 2098 et
1852 2067 1975 2102 soluta,
1993 2068 2178 2099 dummodo
2195 2069 2235 2099 de

626 2122 769 2159 incestu,
790 2122 957 2153 adulterio
980 2121 1033 2152 vel
1050 2120 1162 2160 presb.
1186 2129 1251 2151 non
1272 2120 1353 2157 sint,
1373 2129 1446 2160 quae
1463 2119 1641 2159 adscriptae
1658 2119 1784 2151 fuerint
1800 2121 1853 2151 vel
1871 2121 2019 2152 adscribi
2038 2122 2235 2153 desiderant

626 2175 760 2207 militiae
778 2175 939 2211 clericali,
960 2175 1131 2214 etiamque
1158 2182 1261 2213 super
1279 2173 1531 2213 irregularitate
1548 2182 1664 2204 sacros
1682 2174 1819 2205 ordines
1839 2173 1968 2214 absque
1985 2175 2019 2206 S.
2036 2175 2079 2206 A.
2098 2175 2237 2206 licentia

626 2229 820 2268 recipiendo
837 2229 984 2260 incursa.
1007 2227 1056 2268 (A.
1075 2229 1125 2264 14,
1143 2227 1166 2258 f.
1182 2229 1243 2259 478
1260 2232 1293 2264 ³3
1322 2226 1351 2257 V.
1371 2229 1422 2264 71,
1439 2236 1492 2266 ep.
1511 2228 1551 2258 62
1566 2226 1726 2265 decuria.)

672 2280 806 2312 14168.
823 2299 862 2305 -
876 2282 988 2312 Eidem
1006 2283 1157 2322 potestas
1168 2281 1349 2312 exercendi
1365 2280 1472 2312 libere
1490 2289 1560 2312 suae
1577 2281 1757 2321 legationis
1775 2281 1925 2312 officium
1943 2281 2072 2322 absque
2089 2290 2128 2314 eo
2147 2283 2235 2322 quod

626 2345 686 2376 per
703 2336 817 2367 omnia
836 2336 904 2375 ipsi
922 2335 1117 2375 specialiter
1132 2343 1294 2366 concessa
1317 2334 1371 2366 hic
1398 2343 1471 2374 quae
1496 2334 1646 2365 actiones
1675 2334 1856 2374 legationis
1874 2337 2071 2375 competunt
2090 2335 2123 2366 in
2141 2336 2235 2366 nullo

626 2389 817 2428 derogetur.
839 2389 892 2429 (A.
913 2390 963 2426 14,
979 2388 1002 2419 f.
1020 2389 1079 2419 478
1095 2393 1128 2425 ³5
1152 2388 1189 2419 V.
1207 2390 1258 2424 71,
1282 2397 1334 2428 ep.
1350 2389 1389 2419 63
1405 2387 1441 2418 de
1457 2390 1534 2425 cur.)

671 2439 804 2471 14169.
825 2459 862 2465 -
879 2441 990 2472 Eidem
1009 2442 1107 2473 facul.
1127 2442 1227 2481 capit.
1244 2441 1325 2472 eccl.
1343 2441 1550 2472 convocandi
1569 2441 1610 2471 ad
1625 2441 1736 2472 locum
1754 2450 1923 2478 securum,
1945 2450 2022 2472 cum
2037 2441 2152 2481 aliqua
2173 2442 2235 2472 im-

626 2496 731 2527 minet
747 2495 867 2527 electio
884 2495 994 2526 fienda
1010 2503 1051 2526 ne
1068 2503 1127 2534 per
1141 2495 1405 2534 impressionem
1421 2494 1610 2525 celebretur
1631 2495 1847 2525 saecularium
1860 2503 2096 2534 personarum.
2113 2495 2164 2534 (A.
2181 2497 2231 2530 14,

625 2549 648 2580 f.
664 2550 724 2580 478
735 2554 768 2586 ³3
805 2548 841 2580 V.
858 2550 977 2588 71,.ep.
991 2549 1030 2580 64
1045 2547 1081 2578 de
1097 2547 1211 2586 curia.)

672 2599 805 2632 14170.
826 2619 865 2625 -
880 2601 992 2632 Eidem
1008 2601 1109 2632 facul.
1123 2600 1323 2632 absolvendi
1339 2600 1650 2632 excommunicatos
1667 2600 1869 2639 ajudicibus
1883 2609 1942 2639 per
1958 2602 1992 2633 S.
2010 2601 2050 2632 A.
2069 2600 2235 2640 delegatis

625 2665 769 2697 quorum
787 2655 967 2695 praesentia
981 2655 1021 2686 de
1035 2654 1128 2686 facili
1141 2653 1259 2685 haberi
1275 2662 1341 2684 non
1358 2655 1484 2693 posset.
1511 2653 1563 2691 (A.
1581 2655 1629 2688 14,
1647 2652 1669 2683 f.
1682 2653 1780 2690 4781³3
1803 2653 1839 2685 V.
1859 2655 1910 2690 71,
1927 2661 1980 2693 ep.
1999 2655 2038 2685 65
2056 2653 2092 2684 de
2122 2654 2234 2693 curia.)

672 2706 809 2739 14171.
827 2725 866 2732 -
887 2708 1004 2740 Facul.
1025 2706 1085 2738 eid.
1111 2715 1272 2738 concessa
1295 2706 1526 2746 suspendendi
1549 2706 1737 2737 sententias
1753 2706 1925 2737 interdicti
1942 2708 2013 2737 tam
2031 2715 2089 2746 per
2106 2707 2232 2746 specia-

624 2763 675 2794 les
699 2763 732 2794 S.
751 2763 791 2794 A.
808 2762 944 2794 litteras
963 2770 1065 2801 quam
1081 2769 1141 2800 per
1157 2760 1264 2799 eJusd.
1282 2759 1380 2791 Sedis
1396 2759 1525 2799 legatos
1540 2759 1621 2790 latis
1638 2760 1754 2790 contra
1772 2759 1955 2790 nonnullas
1973 2759 2234 2791 communitates

623 2825 694 2848 suae
722 2815 915 2856 legationis,
944 2814 1128 2846 dummodo
1145 2822 1205 2853 per
1225 2813 1397 2845 solemnes
1415 2821 1597 2852 processus
1613 2814 1722 2852 apost.
1741 2812 1794 2843 vel
1817 2814 1957 2852 propter
1974 2813 2232 2852 procurationes

624 2870 709 2901 eisd.
725 2869 845 2909 legatis
858 2868 989 2900 debitas
1008 2869 1042 2899 et
1057 2876 1124 2899 non
1143 2867 1274 2898 solutas
1290 2866 1478 2898 sententias
1495 2865 1701 2897 incurrerint
1717 2865 1943 2905 supradictas.
1959 2865 2010 2903 (A.
2027 2867 2075 2903 14,
2094 2865 2116 2897 f.
2132 2866 2231 2902 47025

631 2923 663 2954 V.
680 2925 715 2954 71
747 2931 764 2954 e
793 2924 856 2954 ‚66
870 2921 907 2953 de
921 2931 985 2952 car.

672 2932 807 3006 11'172.
828 2993 866 2999 -
883 2921 1040 3006 Potesgas
1058 2974 1117 3006 eid.
1132 2973 1231 3014 leqaeo
1248 2981 1410 3004 concessa
1426 2973 1591 3004 tractandi
1610 2981 1726 3012 pacem
1742 2972 1829 3003 inter
1848 2972 2035 3004 ecclesiast.
2053 2981 2113 3003 seu
2130 2981 2232 3003 saecu-
