2566 3562
575 316 748 348 JOANNIS
771 316 890 347 PAPAE
912 316 1013 347 XXII.
1038 317 1284 356 (1316-1334).
1307 335 1346 340 —
1368 317 1553 348 LITTERAE
1576 316 1807 354 COMMUNES,
2146 321 2210 351 193

214 410 317 438 Datum
340 404 524 439 Avenione.

249 616 290 644 29
305 620 375 652 sept.
395 615 485 644 1320.

260 659 307 695 (111
326 659 384 687 kal.
405 659 477 694 oct.)

277 705 308 732 T.
329 704 375 738 XI,
391 704 463 731 XIII.

271 775 307 803 Ut
327 783 350 802 s.
365 791 402 796 -
416 776 463 802 Gr.

322 1039 358 1066 Ut
377 1047 401 1066 s.

239 1083 270 1111 T.
286 1083 333 1117 XI,
350 1083 411 1110 XIII
419 1091 429 1118 ,·
443 1083 490 1111 Gr.

245 1145 287 1174 30
301 1150 372 1182 sept.
395 1146 483 1174 1320.

265 1194 299 1227 (11
317 1190 375 1218 kal.
396 1191 466 1222 oct.)

311 1235 341 1262 T.
363 1235 419 1263 XX.

324 1306 360 1334 Ut
377 1315 401 1334 S.

324 1467 361 1495 Ut
378 1475 403 1495 s.

265 1511 296 1539 T.
312 1512 371 1546 XII,
386 1511 456 1540 XIV.

325 1680 361 1708 Ut
381 1689 405 1708 s,

310 1724 341 1751 T.
360 1725 417 1752 XX.

323 1891 360 1919 Ut
374 1899 398 1918 s.
422 1899 427 1902 ‘

310 1935 341 1962 T.
356 1935 415 1963 XII.

322 2157 358 2185 Ut
376 2165 400 2185 s.

307 2202 339 2230 Τ.
359 2202 417 2229 XII.

316 2263 353 2291 Ut
376 2272 399 2291 s.

214 2368 227 2395 4
249 2369 332 2404 (kal.)
346 2373 400 2397 oct.
419 2369 508 2399 1320.

604 516 630 536 s.
645 505 814 536 Desiderio.
835 522 871 527 —-
887 505 914 536 I.
933 513 961 536 e.
978 513 1023 535 m.
1044 513 1120 545 ep.o
1147 505 1293 541 Tullen.,
1319 508 1351 536 et
1373 515 1475 546 praep.
1499 516 1536 538 ac
1560 508 1704 538 Geraldo
1722 508 1763 539 de
1781 508 2010 547 Marchovilla,
2029 519 2100 541 can.
2116 512 2202 542 eccl.

604 559 792 590 Virduneu.
815 559 867 597 (A.
888 559 938 596 14,
956 558 978 589 f.
997 559 1054 589 132
1070 557 1104 594 ¹³3
1128 557 1158 588 V.
1176 560 1227 592 71,
1243 566 1296 597 ep.
1313 559 1400 598 233.)

652 608 787 642 12424.
802 630 838 635 --
859 611 941 643 Ead.
966 611 1076 651 gratia
1097 611 1131 641 in
1152 611 1232 641 eccl.
1254 611 1445 642 Mothonen.
1468 612 1584 642 loanni
1605 614 1748 654 Appetiti
1769 615 1805 644 de
1826 614 1917 646 Baro.
1931 616 2005 646 —I.
2019 625 2047 647 e.
2060 625 2104 648 m.
2121 625 2201 656 ep.o

605 665 753 702 Oleren„
770 667 802 696 et
817 674 918 705 praep.
930 663 1224 700 eccl.Massi1ien.,
1241 673 1278 695 ac
1294 665 1423 703 Angelo
1435 665 1474 696 de
1492 665 1696 702 Brundusio,
1708 675 1778 697 can.
1797 667 1962 699 Coronen.
1979 669 2032 707 (A.
2045 670 2093 706 14,
2104 669 2126 700 f.
2138 671 2157 701 9
2169 669 2202 705 b;

610 718 645 750 V.
663 720 713 755 71,
731 727 784 757 ep.
803 718 870 757 34.)

652 768 786 801 12425.
806 789 844 794 -
863 771 983 803 Collat.
1004 779 1122 802 canon.
1146 772 1178 801 et
1205 769 1309 810 praeb.
1329 770 1409 801 eccl.
1433 771 1472 801 de
1497 771 1659 808 Arthona,
1687 772 1937 804 Claromonten.
1958 774 2018 810 di.,
2037 783 2096 814 per
2116 775 2199 808 obit.

604 824 758 856 Durandi
773 824 943 855 Massonis
959 833 1012 864 ap.
1029 824 1063 855 S.
1077 825 1118 855 A.
1134 823 1284 854 defuncti
1299 832 1384 860 vac.,
1403 823 1515 853 Pontio
1533 824 1705 860 Berwnkae,
1724 833 1796 855 can.
1820 825 1900 856 eccl.
1920 835 1948 857 s.
1965 827 2063 858 Pauli
2086 828 2126 859 de
2142 829 2201 859 Fe—

603 877 814 914 nolhedesio,
828 877 978 908 Electen.
994 877 1054 912 di.,
1072 876 1135 907 sub
1150 885 1246 915 exsp.
1267 875 1370 915 praeb.
1387 894 1425 898 —
1443 876 1471 907 Ι.
1486 885 1515 907 e.
1535 885 1580 907 m.
1595 877 1759 908 Gaufrido
1774 878 1920 914 Isnardi,
1937 888 2038 919 praep.
2056 881 2201 920 Aquen„

603 931 636 962 et
652 931 775 961 Joanni
792 930 832 961 de
847 931 1033 969 Lescapon,
1055 929 1182 960 archid.
1198 930 1401 967 Nanneten,
1419 938 1456 960 ac
1470 930 1591 960 Joanni
1614 930 1654 961 de
1670 931 1790 967 Bocca,
1806 939 1877 961 can.
1893 931 2106 971 Neapolitan.
2120 934 2200 965 eccl.

603 983 657 1022 (A.
674 985 724 1020 14,
742 983 765 1014 f.
783 985 823 1015 45
838 983 874 1019 b;
899 982 933 1014 V.
951 984 1000 1018 71,
1013 992 1066 1023 ep.
1085 984 1169 1021 176.)

649 1033 784 1066 12426.
803 1055 841 1059 -
863 1036 946 1068 Ead.
965 1036 1074 1076 gratia
1096 1036 1132 1066 in
1147 1036 1228 1067 eccl.
1250 1035 1449 1067 Camaleriae
1470 1036 1718 1068 Claromonten.
1738 1037 1797 1073 di.,
1815 1038 1852 1067 ut
1875 1046 1902 1067 s.
1921 1045 2005 1075 vac.,
2035 1037 2196 1069 Guillelmo

602 1089 779 1120 Bervenhae.
800 1106 836 1112 -—
853 1089 879 1120 Ι.
899 1098 928 1121 e.
944 1098 991 1120 m.
1009 1091 1046 1121 ut
1063 1098 1091 1120 s.
1109 1090 1162 1128 (A.
1182 1090 1231 1126 14,
1249 1089 1272 1119 f.
1290 1091 1330 1120 46
1345 1094 1377 1125 ³3
1402 1088 1434 1120 V.
1449 1091 1500 1126 71,
1519 1098 1571 1129 ep.
1591 1089 1676 1129 177.)

649 1140 783 1172 12427.
809 1161 847 1167 -
867 1142 999 1183 Indulg.
1017 1153 1033 1173 c
1052 1142 1185 1174 dierum
1203 1142 1425 1173 visitantibus
1455 1142 1535 1174 eccl.
1557 1142 1738 1178 Parisien.‚
1757 1143 1794 1174 B.
1814 1143 1859 1174 Μ.
1878 1143 1919 1174 V.
1941 1143 2104 1175 vocabulo
2121 1145 2202 1175 insi-

602 1196 742 1236 gnitam,
759 1196 795 1227 in
812 1196 959 1236 singulis
971 1196 1123 1236 ejusdem
1146 1196 1296 1236 Virginis
1313 1195 1558 1227 festivitatibus
1574 1197 1606 1227 et
1623 1206 1661 1226 x1.
1680 1196 1811 1226 dierum
1831 1205 1891 1236 per
1915 1198 2061 1227 octavas.
2080 1197 2133 1236 (A.
2152 1200 2200 1234 14,

602 1250 626 1281 t'.
643 1251 745 1288 134²;
769 1250 805 1281 V.
824 1252 874 1286 71,
893 1259 945 1290 ep.
967 1249 1054 1289 238.)

649 1300 784 1333 12428.
804 1320 843 1325 -
866 1302 1034 1344 Radulplio
1055 1303 1187 1334 Victoris
1202 1303 1316 1334 collat.
1337 1311 1454 1333 canon.
1481 1301 1545 1333 sub
1563 1311 1658 1341 exsp.
1679 1302 1781 1342 praeb.
1800 1303 1880 1334 eccl.
1896 1303 2053 1342 Baj0cen.
2072 1322 2109 1326 —
2125 1304 2152 1334 I.
2170 1313 2198 1335 e.

602 1365 646 1388 m.
664 1356 740 1387 abb.
758 1358 903 1388 monast.
921 1365 948 1387 s.
968 1356 1140 1397 Dionysii,
1159 1356 1325 1387 Parisien.
1343 1356 1404 1393 di.,
1431 1357 1463 1387 et
1482 1355 1581 1386 Petro
1597 1355 1688 1392 Albi,
1707 1355 1953 1393 Constantien„
1974 1365 2010 1387 ac
2032 1356 2201 1396 Stephano

601 1409 642 1441 de
657 1409 806 1446 Novilla,
826 1410 993 1441 Parisien.
1015 1418 1087 1441 can.
1105 1410 1185 1440 eccl.
1205 1410 1255 1448 (A.
1274 1411 1324 1444 14,
1343 1409 1365 1439 f.
1385 1410 1441 1440 153
1451 1414 1479 1445 ³;
1501 1408 1537 1440 V.
1555 1410 1605 1447 71,
1630 1417 1685 1448 ep.
1703 1409 1790 1448 239.)

646 1459 780 1492 12429.
798 1481 837 1486 -
852 1463 970 1495 Gratia
994 1471 1090 1503 exsp.
1114 1462 1291 1503 dignitatis
1311 1463 1364 1493 vel
1380 1463 1582 1502 personatus
1606 1462 1686 1493 eccl.
1705 1462 1922 1493 Suessionen.
1938 1471 2018 1502 may.
2038 1462 2199 1502 Radulpko

600 1515 637 1547 de
651 1515 824 1553 Meullento,
842 1516 976 1557 ejusdem
989 1515 1061 1546 eccl.
1080 1526 1148 1546 can.
1160 1515 1316 1556 praeben.;
1334 1524 1400 1547 non
1417 1514 1504 1546 obst.
1524 1515 1559 1545 in
1583 1515 1663 1546 eccl.
1684 1515 1851 1546 Parisien.
1870 1524 1988 1546 canon.
2007 1517 2040 1546 et
2057 1515 2199 1546 dimidia

599 1569 703 1609 praeb.
722 1586 759 1591 —
772 1569 799 1601 I.
817 1578 846 1601 e.
868 1579 913 1600 m.
940 1578 1016 1609 ep.o
1042 1569 1224 1604 Parisien.,
1241 1570 1274 1600 et
1289 1568 1365 1600 abb.
1397 1570 1541 1600 monast.
1559 1577 1586 1598 s.
1616 1568 1768 1599 Medardi
1794 1568 2025 1603 suessionen„
2046 1577 2082 1599 ac
2099 1569 2200 1599 Petro

600 1623 691 1660 Albi,
710 1632 783 1654 can.
802 1623 1036 1654 Constantien.
1054 1622 1108 1663 (A.
1126 1623 1175 1659 14,
1193 1623 1214 1653 f.
1234 1621 1332 1658 135113
1354 1621 1389 1654 V.
1409 1624 1458 1659 71,
1476 1630 1528 1661 ep.
1543 1623 1628 1659 245.)

647 1673 781 1705 12130.
798 1694 837 1699 -
855 1676 1016 1716 Dispens.
1047 1675 1088 1706 ab
1117 1675 1368 1715 irregularitate
1386 1683 1447 1714 per
1465 1675 1611 1706 Joannem
1631 1673 1812 1711 Hautsunoe,
1832 1674 1947 1714 presb.
1966 1674 2198 1705 Constantien.

600 1729 659 1766 di.,
678 1730 813 1760 incursa
831 1738 873 1760 ex
889 1738 927 1760 eo
942 1729 1032 1768 quod
1046 1730 1163 1760 contra
1178 1729 1355 1760 indevotos
1370 1728 1409 1759 E.
1428 1729 1469 1759 R.
1486 1728 1522 1758 in
1538 1728 1670 1767 guerris
1686 1727 1898 1758 Lombardiae
1912 1727 2044 1758 litteras
2059 1727 2201 1767 scripse-

601 1784 651 1814 rat
670 1783 817 1813 vocando
845 1782 1087 1813 universitates
1113 1782 1155 1812 ad
1169 1790 1274 1819 arma,
1295 1790 1337 1812 ex
1354 1790 1420 1820 quo
1436 1781 1552 1820 plures
1568 1781 1668 1812 occisi
1689 1781 1779 1811 sunt.
1795 1780 1847 1819 (A.
1864 1781 1911 1818 15,
1931 1780 1951 1810 f.
1969 1781 2027 1811 253
2044 1780 2073 1816 b,
2097 1780 2132 1810 V.
2148 1781 2197 1816 72,

601 1845 652 1875 ep.
671 1838 767 1873 1132;
784 1835 931 1872 Riezler,
953 1835 1171 1866 Vatikanisclze
1184 1834 1296 1872 Aleten,
1314 1843 1346 1874 p.
1368 1835 1438 1871 112,
1458 1843 1491 1864 n.
1512 1835 1597 1873 212.)

647 1885 781 1918 12431.
800 1907 837 1914 -
851 1887 1021 1930 Reqinaldo
1036 1889 1071 1918 de
1091 1888 1198 1925 Viana,
1213 1887 1327 1927 presb.
1344 1888 1499 1926 Baj0cen.
1515 1887 1576 1923 di.,
1593 1887 1651 1926 qui
1667 1887 1701 1917 in
1714 1887 1847 1926 guerris
1859 1886 2072 1917 Lombardiae
2085 1887 2201 1917 contra

602 1942 781 1973 indevotos
798 1942 837 1973 E.
867 1943 908 1974 P..
939 1942 1074 1973 litteras
1095 1941 1290 1980 scripserat,
1322 1940 1435 1976 villas,
1454 1940 1696 1971 universitates
1711 1941 1744 1970 et
1763 1948 1852 1979 pers.
1871 1939 1913 1969 ad
1927 1947 2021 1970 arma
2037 1939 2197 1975 vocando,

600 2004 691 2026 conc.
710 1995 861 2035 dispens.
881 1996 918 2026 ut
933 1995 968 2026 in
986 1994 1155 2034 susceptis
1173 1993 1351 2025 ordinibus
1366 1993 1561 2024 ministrare
1577 1995 1608 2024 et
1624 2001 1842 2032 quaecumque
1857 1992 1968 2023 benef.
1989 2001 2025 2022 ac
2041 1991 2131 2031 dign.
2150 2000 2198 2023 re<

599 2049 710 2089 cipere
729 2049 840 2080 valeat
858 2050 890 2080 et
906 2048 1065 2085 retinere,
1084 2047 1336 2087 irregularitate
1355 2047 1387 2077 et
1403 2046 1616 2077 inhabilitate
1631 2047 1769 2085 propter
1787 2045 1964 2085 praemissa
1978 2044 2125 2075 incursis
2143 2052 2200 2076 ne-

599 2111 769 2142 quaquam
786 2101 1011 2134 obstantibus.
1029 2101 1081 2140 (A.
1100 2102 1148 2136 15,
1165 2101 1188 2132 f.
1207 2101 1266 2132 328
1280 2099 1314 2138 b;
1338 2100 1374 2131 V.
1392 2101 1442 2137 72,
1456 2108 1508 2139 ep.
1527 2099 1631 2138 1387.)

644 2152 778 2184 12432.
797 2173 836 2179 -
851 2154 966 2185 loanni
985 2154 1021 2185 de
1049 2153 1156 2191 Vicina,
1183 2153 1389 2184 subdiacono
1413 2153 1570 2192 Baj0cen.
1587 2152 1646 2190 di.,
1671 2151 1784 2183 omnia
1803 2153 1841 2182 ut
1863 2160 1890 2182 s.
1911 2151 1963 2190 (A.
1980 2152 2029 2188 15,
2048 2151 2070 2181 f.
2087 2152 2147 2182 329
2164 2156 2198 2187 ³3

604 2208 637 2239 V.
655 2210 706 2246 72,
725 2217 778 2248 ep.
794 2209 897 2246 1388.)

645 2259 780 2292 12433.
800 2279 838 2285 -
853 2261 1013 2302 Stephano
1029 2271 1099 2302 ep.o
1116 2261 1272 2291 Parisien.
1289 2260 1390 2291 facul.
1410 2259 1614 2290 concedendi
1627 2258 1868 2290 tabellionatus
1884 2258 1937 2288 off.
1955 2268 1977 2288 ιι
1994 2257 2086 2293 cler„
2101 2257 2197 2287 dum-

598 2316 698 2347 modo
716 2315 888 2356 conjugati
911 2323 978 2346 non
996 2314 1134 2346 fuerint.
1152 2314 1207 2354 (V.
1223 2316 1274 2349 71,
1291 2321 1344 2352 ep.
1361 2314 1420 2344 305
1434 2312 1474 2349 b.)

644 2365 776 2398 12434.
807 2386 845 2391 -—
861 2368 947 2408 May.
964 2373 991 2398 et
1007 2367 1158 2408 fratribus
1174 2365 1337 2408 hospitalis
1351 2376 1376 2396 s.
1396 2365 1517 2396 Thomae
1532 2365 1682 2405 Martyris
1702 2363 1903 2394 cantuarien.
1924 2362 2081 2393 Anconem.
2098 2362 2195 2392 Inno-

597 2423 696 2454 vatur
712 2422 930 2462 privilegium
947 2421 1045 2461 ipsis,
1055 2420 1243 2452 secundum
1254 2419 1407 2459 regulam
1416 2419 1538 2449 domus
1547 2417 1832 2448 Theutonicorum
1844 2415 2055 2455 degentibus,
2065 2423 2198 2445 conces-

597 2484 675 2507 sum
695 2484 715 2507 a
728 2475 892 2515 Gregorio
907 2475 974 2506 PP.
994 2474 1054 2512 IX,
1072 2474 1131 2514 qui
1146 2473 1404 2504 confirmaverat
1421 2470 1696 2510 subrogationem
1712 2469 1879 2500 dictorum
1895 2477 1981 2507 mag.
2002 2469 2034 2498 et
2051 2467 2194 2498 fratrum

597 2528 632 2559 in
649 2528 763 2560 locum
777 2527 1017 2560 canonicorum
1033 2527 1241 2568 regularium
1257 2526 1378 2556 domus
1395 2533 1414 2555 a
1428 2524 1470 2555 cl.
1486 2532 1550 2554 me.
1563 2522 1728 2554 Riccardo
1741 2530 1816 2561 rege
1832 2520 1963 2560 Angliae
1979 2520 2014 2550 in
2031 2519 2194 2558 obsequio

596 2582 695 2614 terrae
711 2583 834 2613 sanctae
856 2581 898 2612 ad
914 2581 1075 2613 honorem
1092 2580 1156 2611 Dei
1171 2581 1204 2610 et
1218 2579 1253 2610 b.
1277 2579 1415 2610 Thomae
1438 2576 1600 2616 martyris
1619 2576 1655 2606 in
1673 2575 1764 2606 civit.
1793 2576 1963 2606 Anconen.
1983 2573 2194 2609 constructae,

596 2635 676 2667 licet
697 2635 930 2667 VVinctonIen.
962 2642 1059 2674 ep.us
1087 2633 1145 2673 qui
1165 2633 1251 2663 hanc
1278 2630 1553 2671 subrogationem
1581 2628 1704 2659 fecerat
1719 2627 1760 2658 de
1771 2627 1846 2667 jure
1865 2626 1972 2657 facere
1991 2624 2192 2664 nequiverit.

597 2688 650 2728 (A.
668 2690 717 2726 13,
735 2688 758 2719 f.
774 2690 834 2720 648
846 2687 874 2724 ι’;
897 2687 933 2719 V.
953 2689 1004 2724 71,
1021 2695 1074 2726 ep.
1089 2685 1157 2724 35.)

642 2738 776 2771 12435.
806 2758 846 2764 -
876 2739 1095 2772 Confirmatio
1124 2737 1296 2778 privilegii
1324 2736 1386 2767 sub
1401 2745 1487 2767 anno
1506 2735 1583 2766 1188
1599 2735 1631 2765 et
1649 2743 1715 2764 xvii
1733 2732 1801 2763 kal.
1821 2731 1891 2762 dec.
1909 2739 1969 2770 per
1987 2730 2194 2761 Clementem

595 2795 676 2826 P.P.
694 2795 743 2826 111
760 2793 912 2825 concessi
931 2803 1009 2833 may.
1031 2797 1060 2823 et
1074 2791 1225 2832 fratribus
1241 2789 1404 2830 hospitalis
1422 2799 1446 2820 s.
1459 2787 1589 2819 Joannis
1606 2786 1755 2826 Baptistae
1770 2789 1858 2815 extra
1870 2793 1979 2814 novam
1993 2787 2116 2821 portam
2129 2782 2195 2812 Du-

597 2846 723 2885 blinen„
734 2847 776 2878 ad
789 2848 979 2878 Romanam
991 2845 1081 2876 Eccl.
1096 2844 1189 2875 nullo
1203 2843 1315 2874 medio
1327 2841 1542 2882 pertinentis,
1551 2840 1589 2871 O.
1601 2839 1635 2870 S.
1648 2840 1701 2872 A„
1716 2846 1775 2877 per
1789 2836 1880 2877 quod
1893 2836 2019 2867 dictum
2028 2835 2195 2875 hospitale

597 2909 657 2940 per
674 2900 851 2936 Ali-edum,
872 2898 1024 2938 eiusdem
1041 2896 1223 2937 hospitalis
1235 2895 1449 2934 magistrum,
1464 2894 1500 2924 in
1515 2892 1652 2932 proprio
1669 2891 1772 2922 fundo
1788 2889 2018 2921 constructum
2034 2889 2067 2919 et
2082 2889 2119 2919 Β.
2134 2888 2195 2919 Pe-

596 2954 648 2984 tro
661 2952 826 2989 oblatum,
838 2952 873 2982 in
887 2951 944 2991 Jus
960 2952 993 2982 et
1011 2949 1253 2990 proprietatem
1266 2949 1304 2980 B.
1319 2947 1410 2978 Petri
1427 2946 1566 2986 ejusque
1582 2944 1724 2976 tutelam
1741 2942 1926 2982 suscipitur
1931 2950 1942 2978 ;
1954 2941 2195 2972 confirmantur

597 3005 798 3037 donationes
813 3011 874 3043 per
889 3003 1075 3034 Hem-icum
1091 3010 1203 3042 regem
1216 3000 1348 3040 Angliae
1362 3000 1402 3030 de
1418 3000 1489 3030 tota
1506 2998 1588 3028 villa
1600 2997 1751 3033 Tacwer,
1766 3003 1826 3035 per
1841 2994 2019 3035 praefatum
2033 2993 2196 3025 Alredum
