<?xml version="1.0" encoding="UTF-8"?>
<!DOCTYPE html PUBLIC "-//W3C//DTD XHTML 1.0 Transitional//EN"
    "http://www.w3.org/TR/xhtml1/DTD/xhtml1-transitional.dtd">
<html xmlns="http://www.w3.org/1999/xhtml" xml:lang="en" lang="en">
 <head>
  <title>
</title>
<meta http-equiv="Content-Type" content="text/html;charset=utf-8" />
  <meta name='ocr-system' content='tesseract 3.04.00' />
  <meta name='ocr-capabilities' content='ocr_page ocr_carea ocr_par ocr_line ocrx_word'/>
</head>
<body>
  <div class='ocr_page' id='page_1' title='image "./lettrescommunes03romeuoft_0256.png"; bbox 0 0 2566 3562; ppageno 0'>
   <div class='ocr_carea' id='block_1_1' title="bbox 342 349 401 380">
    <p class='ocr_par' dir='ltr' id='par_1_1' title="bbox 342 349 401 380">
     <span class='ocr_line' id='line_1_1' title="bbox 342 349 401 380; baseline -0.034 0"><span class='ocrx_word' id='word_1_1' title='bbox 342 349 401 380; x_wconf 73' lang='lat'>2⁴8</span> 
     </span>
    </p>
   </div>
   <div class='ocr_carea' id='block_1_2' title="bbox 375 427 675 464">
    <p class='ocr_par' dir='ltr' id='par_1_2' title="bbox 375 427 675 464">
     <span class='ocr_line' id='line_1_2' title="bbox 375 427 675 464; baseline -0.013 0"><span class='ocrx_word' id='word_1_2' title='bbox 375 437 477 464; x_wconf 78' lang='lat' dir='ltr'>Datum</span> <span class='ocrx_word' id='word_1_3' title='bbox 495 427 675 464; x_wconf 78' lang='lat' dir='ltr'>Avenione.</span> 
     </span>
    </p>
   </div>
   <div class='ocr_carea' id='block_1_3' title="bbox 394 533 654 656">
    <p class='ocr_par' dir='ltr' id='par_1_3' title="bbox 394 533 654 656">
     <span class='ocr_line' id='line_1_3' title="bbox 416 533 630 571; baseline -0.019 -7"><span class='ocrx_word' id='word_1_4' title='bbox 416 536 457 564; x_wconf 79' lang='lat'>22</span> <span class='ocrx_word' id='word_1_5' title='bbox 469 536 523 571; x_wconf 83' lang='lat' dir='ltr'>seb.</span> <span class='ocrx_word' id='word_1_6' title='bbox 543 533 630 562; x_wconf 71' lang='lat'>1321.</span> 
     </span>
     <span class='ocr_line' id='line_1_4' title="bbox 394 576 654 614; baseline -0.019 -6"><span class='ocrx_word' id='word_1_7' title='bbox 394 583 459 614; x_wconf 80' lang='lat' dir='ltr'>(viu</span> <span class='ocrx_word' id='word_1_8' title='bbox 476 578 535 606; x_wconf 78' lang='lat' dir='ltr'>kal.</span> <span class='ocrx_word' id='word_1_9' title='bbox 554 576 654 612; x_wconf 81' lang='lat' dir='ltr'>mart.)</span> 
     </span>
     <span class='ocr_line' id='line_1_5' title="bbox 433 621 613 656; baseline -0.017 -5"><span class='ocrx_word' id='word_1_10' title='bbox 433 624 463 651; x_wconf 84' lang='lat' dir='ltr'>T.</span> <span class='ocrx_word' id='word_1_11' title='bbox 483 623 528 656; x_wconf 87' lang='lat' dir='ltr'>XI,</span> <span class='ocrx_word' id='word_1_12' title='bbox 542 621 613 650; x_wconf 89' lang='lat' dir='ltr'>XIII.</span> 
     </span>
    </p>
   </div>
   <div class='ocr_carea' id='block_1_4' title="bbox 445 693 599 769">
    <p class='ocr_par' dir='ltr' id='par_1_4' title="bbox 445 693 599 769">
     <span class='ocr_line' id='line_1_6' title="bbox 482 693 561 721; baseline 0 0"><span class='ocrx_word' id='word_1_13' title='bbox 482 693 520 721; x_wconf 78' lang='lat' dir='ltr'>Ut</span> <span class='ocrx_word' id='word_1_14' title='bbox 538 701 561 721; x_wconf 79' lang='lat' dir='ltr'>s.</span> 
     </span>
     <span class='ocr_line' id='line_1_7' title="bbox 445 737 599 769; baseline -0.006 -4"><span class='ocrx_word' id='word_1_15' title='bbox 445 739 476 765; x_wconf 86' lang='lat' dir='ltr'>T.</span> <span class='ocrx_word' id='word_1_16' title='bbox 492 738 524 769; x_wconf 85' lang='lat' dir='ltr'>X,</span> <span class='ocrx_word' id='word_1_17' title='bbox 541 737 599 764; x_wconf 86' lang='lat' dir='ltr'>XII.</span> 
     </span>
    </p>
   </div>
   <div class='ocr_carea' id='block_1_5' title="bbox 446 905 600 983">
    <p class='ocr_par' dir='ltr' id='par_1_5' title="bbox 446 905 600 983">
     <span class='ocr_line' id='line_1_8' title="bbox 484 905 560 932; baseline -0.013 0"><span class='ocrx_word' id='word_1_18' title='bbox 484 905 519 932; x_wconf 84' lang='lat' dir='ltr'>Ut</span> <span class='ocrx_word' id='word_1_19' title='bbox 538 912 560 931; x_wconf 92' lang='lat' dir='ltr'>s.</span> 
     </span>
     <span class='ocr_line' id='line_1_9' title="bbox 446 948 600 983; baseline -0.013 -6"><span class='ocrx_word' id='word_1_20' title='bbox 446 950 477 977; x_wconf 87' lang='grc' dir='ltr'>Τ.</span> <span class='ocrx_word' id='word_1_21' title='bbox 494 949 526 983; x_wconf 88' lang='lat' dir='ltr'>X,</span> <span class='ocrx_word' id='word_1_22' title='bbox 541 948 600 976; x_wconf 88' lang='lat' dir='ltr'>XII.</span> 
     </span>
    </p>
   </div>
   <div class='ocr_carea' id='block_1_6' title="bbox 443 1118 599 1195">
    <p class='ocr_par' dir='ltr' id='par_1_6' title="bbox 443 1118 599 1195">
     <span class='ocr_line' id='line_1_10' title="bbox 482 1118 561 1145; baseline -0.013 0"><span class='ocrx_word' id='word_1_23' title='bbox 482 1118 518 1145; x_wconf 80' lang='lat' dir='ltr'>Ut</span> <span class='ocrx_word' id='word_1_24' title='bbox 538 1126 561 1144; x_wconf 88' lang='lat' dir='ltr'>s.</span> 
     </span>
     <span class='ocr_line' id='line_1_11' title="bbox 443 1161 599 1195; baseline -0.013 -5"><span class='ocrx_word' id='word_1_25' title='bbox 443 1163 475 1190; x_wconf 87' lang='lat' dir='ltr'>T.</span> <span class='ocrx_word' id='word_1_26' title='bbox 493 1162 525 1195; x_wconf 79' lang='grc' dir='ltr'><strong>Χ,</strong></span> <span class='ocrx_word' id='word_1_27' title='bbox 541 1161 599 1188; x_wconf 89' lang='lat' dir='ltr'>XII.</span> 
     </span>
    </p>
   </div>
   <div class='ocr_carea' id='block_1_7' title="bbox 485 1278 565 1306">
    <p class='ocr_par' dir='ltr' id='par_1_7' title="bbox 485 1278 565 1306">
     <span class='ocr_line' id='line_1_12' title="bbox 485 1278 565 1306; baseline -0.013 0"><span class='ocrx_word' id='word_1_28' title='bbox 485 1278 521 1306; x_wconf 81' lang='lat' dir='ltr'>Ut</span> <span class='ocrx_word' id='word_1_29' title='bbox 542 1286 565 1305; x_wconf 89' lang='lat' dir='ltr'>s.</span> 
     </span>
    </p>
   </div>
   <div class='ocr_carea' id='block_1_8' title="bbox 423 1385 623 1463">
    <p class='ocr_par' dir='ltr' id='par_1_8' title="bbox 423 1385 623 1463">
     <span class='ocr_line' id='line_1_13' title="bbox 486 1385 565 1413; baseline -0.013 0"><span class='ocrx_word' id='word_1_30' title='bbox 486 1385 521 1413; x_wconf 79' lang='lat' dir='ltr'>Ui</span> <span class='ocrx_word' id='word_1_31' title='bbox 542 1394 565 1412; x_wconf 93' lang='lat' dir='ltr'>s.</span> 
     </span>
     <span class='ocr_line' id='line_1_14' title="bbox 423 1429 623 1463; baseline -0.01 -6"><span class='ocrx_word' id='word_1_32' title='bbox 423 1430 452 1457; x_wconf 90' lang='lat' dir='ltr'>T.</span> <span class='ocrx_word' id='word_1_33' title='bbox 471 1430 541 1463; x_wconf 86' lang='lat' dir='ltr'>XIV,</span> <span class='ocrx_word' id='word_1_34' title='bbox 554 1429 623 1456; x_wconf 89' lang='lat' dir='ltr'>XVI.</span> 
     </span>
    </p>
   </div>
   <div class='ocr_carea' id='block_1_9' title="bbox 446 1675 600 1730">
    <p class='ocr_par' dir='ltr' id='par_1_9' title="bbox 446 1675 600 1730">
     <span class='ocr_line' id='line_1_15' title="bbox 446 1675 600 1730; baseline -0.006 -5"><span class='ocrx_word' id='word_1_35' title='bbox 446 1698 476 1725; x_wconf 91' lang='lat' dir='ltr'>T.</span> <span class='ocrx_word' id='word_1_36' title='bbox 493 1698 526 1730; x_wconf 89' lang='lat' dir='ltr'>X,</span> <span class='ocrx_word' id='word_1_37' title='bbox 543 1675 600 1724; x_wconf 76' lang='lat' dir='ltr'>XII.</span> 
     </span>
    </p>
   </div>
   <div class='ocr_carea' id='block_1_10' title="bbox 447 1815 609 1893">
    <p class='ocr_par' dir='ltr' id='par_1_10' title="bbox 447 1815 609 1893">
     <span class='ocr_line' id='line_1_16' title="bbox 486 1815 562 1842; baseline -0.026 0"><span class='ocrx_word' id='word_1_38' title='bbox 486 1815 521 1842; x_wconf 83' lang='lat' dir='ltr'>Ut</span> <span class='ocrx_word' id='word_1_39' title='bbox 539 1822 562 1841; x_wconf 81' lang='lat' dir='ltr'>S.</span> 
     </span>
     <span class='ocr_line' id='line_1_17' title="bbox 447 1859 609 1893; baseline -0.006 -7"><span class='ocrx_word' id='word_1_40' title='bbox 447 1859 477 1886; x_wconf 88' lang='lat' dir='ltr'>T.</span> <span class='ocrx_word' id='word_1_41' title='bbox 498 1859 531 1893; x_wconf 72' lang='grc' dir='ltr'><strong>Χ,</strong></span> <span class='ocrx_word' id='word_1_42' title='bbox 551 1859 609 1886; x_wconf 85' lang='lat' dir='ltr'>XII.</span> 
     </span>
    </p>
   </div>
   <div class='ocr_carea' id='block_1_11' title="bbox 400 1919 650 2042">
    <p class='ocr_par' dir='ltr' id='par_1_11' title="bbox 400 1919 650 2042">
     <span class='ocr_line' id='line_1_18' title="bbox 425 1919 631 1955; baseline 0 -8"><span class='ocrx_word' id='word_1_43' title='bbox 425 1920 463 1948; x_wconf 85' lang='grc'>23</span> <span class='ocrx_word' id='word_1_44' title='bbox 476 1920 530 1955; x_wconf 80' lang='lat' dir='ltr'>feb.</span> <span class='ocrx_word' id='word_1_45' title='bbox 545 1919 631 1947; x_wconf 71' lang='lat'>4321.</span> 
     </span>
     <span class='ocr_line' id='line_1_19' title="bbox 400 1964 650 1999; baseline -0.004 -7"><span class='ocrx_word' id='word_1_46' title='bbox 400 1967 454 1999; x_wconf 82' lang='lat' dir='ltr'>(vu</span> <span class='ocrx_word' id='word_1_47' title='bbox 470 1965 527 1993; x_wconf 74' lang='lat' dir='ltr'>kal.</span> <span class='ocrx_word' id='word_1_48' title='bbox 549 1964 650 1996; x_wconf 80' lang='lat' dir='ltr'>marl.)</span> 
     </span>
     <span class='ocr_line' id='line_1_20' title="bbox 433 2009 620 2042; baseline 0 -6"><span class='ocrx_word' id='word_1_49' title='bbox 433 2010 463 2036; x_wconf 86' lang='lat' dir='ltr'>T.</span> <span class='ocrx_word' id='word_1_50' title='bbox 484 2010 529 2042; x_wconf 80' lang='lat' dir='ltr'>XI,</span> <span class='ocrx_word' id='word_1_51' title='bbox 550 2009 620 2036; x_wconf 89' lang='lat' dir='ltr'>XIII.</span> 
     </span>
    </p>
   </div>
   <div class='ocr_carea' id='block_1_12' title="bbox 372 2241 681 2319">
    <p class='ocr_par' dir='ltr' id='par_1_12' title="bbox 372 2241 681 2319">
     <span class='ocr_line' id='line_1_21' title="bbox 488 2241 567 2268; baseline -0.013 0"><span class='ocrx_word' id='word_1_52' title='bbox 488 2241 523 2268; x_wconf 76' lang='lat' dir='ltr'>Ul</span> <span class='ocrx_word' id='word_1_53' title='bbox 544 2248 567 2267; x_wconf 93' lang='lat' dir='ltr'>s.</span> 
     </span>
     <span class='ocr_line' id='line_1_22' title="bbox 372 2285 681 2319; baseline 0 -8"><span class='ocrx_word' id='word_1_54' title='bbox 372 2285 416 2312; x_wconf 84' lang='lat' dir='ltr'>Gr.</span> <span class='ocrx_word' id='word_1_55' title='bbox 437 2293 487 2319; x_wconf 83' lang='lat' dir='ltr'>pro</span> <span class='ocrx_word' id='word_1_56' title='bbox 507 2292 581 2319; x_wconf 79' lang='lat' dir='ltr'>pers.</span> <span class='ocrx_word' id='word_1_57' title='bbox 604 2286 681 2311; x_wconf 74' lang='lat' dir='ltr'>eard.</span> 
     </span>
    </p>
   </div>
   <div class='ocr_carea' id='block_1_13' title="bbox 432 2559 622 2586">
    <p class='ocr_par' dir='ltr' id='par_1_13' title="bbox 432 2559 622 2586">
     <span class='ocr_line' id='line_1_23' title="bbox 432 2559 622 2586; baseline 0 0"><span class='ocrx_word' id='word_1_58' title='bbox 432 2559 468 2586; x_wconf 85' lang='lat' dir='ltr'>Ut</span> <span class='ocrx_word' id='word_1_59' title='bbox 488 2567 511 2586; x_wconf 92' lang='lat' dir='ltr'>s.</span> <span class='ocrx_word' id='word_1_60' title='bbox 527 2575 560 2579; x_wconf 92' lang='lat'>—</span> <span class='ocrx_word' id='word_1_61' title='bbox 575 2559 622 2586; x_wconf 85' lang='lat' dir='ltr'>Gr.</span> 
     </span>
    </p>
   </div>
   <div class='ocr_carea' id='block_1_14' title="bbox 437 2718 615 2745">
    <p class='ocr_par' dir='ltr' id='par_1_14' title="bbox 437 2718 615 2745">
     <span class='ocr_line' id='line_1_24' title="bbox 437 2718 615 2745; baseline -0.006 0"><span class='ocrx_word' id='word_1_62' title='bbox 437 2718 473 2745; x_wconf 77' lang='lat' dir='ltr'>Ut</span> <span class='ocrx_word' id='word_1_63' title='bbox 486 2726 508 2744; x_wconf 91' lang='lat' dir='ltr'>s.</span> <span class='ocrx_word' id='word_1_64' title='bbox 524 2735 556 2740; x_wconf 88' lang='lat'>-</span> <span class='ocrx_word' id='word_1_65' title='bbox 571 2718 615 2745; x_wconf 84' lang='lat' dir='ltr'>Gr.</span> 
     </span>
    </p>
   </div>
   <div class='ocr_carea' id='block_1_15' title="bbox 1818 0 2566 319">
    <p class='ocr_par' dir='ltr' id='par_1_15' title="bbox 1818 0 2566 319">
     <span class='ocr_line' id='line_1_25' title="bbox 1818 0 2566 319; baseline 0 3243"><span class='ocrx_word' id='word_1_66' title='bbox 1818 0 2566 319; x_wconf 95' lang='lat' dir='ltr'> </span> 
     </span>
    </p>
   </div>
   <div class='ocr_carea' id='block_1_16' title="bbox 737 336 1961 379">
    <p class='ocr_par' dir='ltr' id='par_1_16' title="bbox 737 336 1961 379">
     <span class='ocr_line' id='line_1_26' title="bbox 737 336 1961 379; baseline -0.005 -5"><span class='ocrx_word' id='word_1_67' title='bbox 737 341 909 374; x_wconf 79' lang='lat' dir='ltr'>JOANNIS</span> <span class='ocrx_word' id='word_1_68' title='bbox 931 340 1049 371; x_wconf 83' lang='lat' dir='ltr'>PAPAE</span> <span class='ocrx_word' id='word_1_69' title='bbox 1071 339 1173 371; x_wconf 88' lang='lat' dir='ltr'>XXII.</span> <span class='ocrx_word' id='word_1_70' title='bbox 1196 338 1445 379; x_wconf 76' lang='lat'>(1316-1384).</span> <span class='ocrx_word' id='word_1_71' title='bbox 1466 355 1506 362; x_wconf 95' lang='lat'>—</span> <span class='ocrx_word' id='word_1_72' title='bbox 1527 336 1714 369; x_wconf 60' lang='lat' dir='ltr'>LITTERAE</span> <span class='ocrx_word' id='word_1_73' title='bbox 1735 336 1961 369; x_wconf 79' lang='lat' dir='ltr'>COMMUNES</span> 
     </span>
    </p>
   </div>
   <div class='ocr_carea' id='block_1_17' title="bbox 763 527 2371 2224">
    <p class='ocr_par' dir='ltr' id='par_1_17' title="bbox 763 527 2362 678">
     <span class='ocr_line' id='line_1_27' title="bbox 811 527 2362 569; baseline 0 -9"><span class='ocrx_word' id='word_1_74' title='bbox 811 527 945 560; x_wconf 81' lang='grc'><strong>12999.</strong></span> <span class='ocrx_word' id='word_1_75' title='bbox 960 548 998 553; x_wconf 92' lang='grc'>-</span> <span class='ocrx_word' id='word_1_76' title='bbox 1016 530 1178 562; x_wconf 82' lang='lat' dir='ltr'>Guillelmo</span> <span class='ocrx_word' id='word_1_77' title='bbox 1195 529 1231 561; x_wconf 81' lang='lat' dir='ltr'>de</span> <span class='ocrx_word' id='word_1_78' title='bbox 1248 529 1401 569; x_wconf 67' lang='lat' dir='ltr'>Rabqscen</span> <span class='ocrx_word' id='word_1_79' title='bbox 1413 529 1527 561; x_wconf 86' lang='lat' dir='ltr'>collat.</span> <span class='ocrx_word' id='word_1_80' title='bbox 1547 537 1665 560; x_wconf 83' lang='lat' dir='ltr'>canon.</span> <span class='ocrx_word' id='word_1_81' title='bbox 1685 537 1724 560; x_wconf 74' lang='lat' dir='ltr'>ac</span> <span class='ocrx_word' id='word_1_82' title='bbox 1740 527 1924 560; x_wconf 81' lang='lat' dir='ltr'>decanatus</span> <span class='ocrx_word' id='word_1_83' title='bbox 1941 527 2023 560; x_wconf 82' lang='lat' dir='ltr'>eccl.</span> <span class='ocrx_word' id='word_1_84' title='bbox 2043 535 2072 560; x_wconf 81' lang='lat' dir='ltr'>s.</span> <span class='ocrx_word' id='word_1_85' title='bbox 2093 527 2260 569; x_wconf 78' lang='lat' dir='ltr'>Agricolae</span> <span class='ocrx_word' id='word_1_86' title='bbox 2276 535 2362 568; x_wconf 79' lang='lat' dir='ltr'>prae·</span> 
     </span>
     <span class='ocr_line' id='line_1_28' title="bbox 764 580 2360 625; baseline -0.001 -9"><span class='ocrx_word' id='word_1_87' title='bbox 764 585 871 616; x_wconf 74' lang='lat' dir='ltr'>dictae.</span> <span class='ocrx_word' id='word_1_88' title='bbox 892 602 930 607; x_wconf 93' lang='lat'>—</span> <span class='ocrx_word' id='word_1_89' title='bbox 946 584 972 616; x_wconf 92' lang='lat'>1.</span> <span class='ocrx_word' id='word_1_90' title='bbox 991 592 1020 616; x_wconf 91' lang='lat' dir='ltr'>e.</span> <span class='ocrx_word' id='word_1_91' title='bbox 1038 593 1084 616; x_wconf 88' lang='lat' dir='ltr'>m.</span> <span class='ocrx_word' id='word_1_92' title='bbox 1101 593 1218 625; x_wconf 65' lang='lat' dir='ltr'>praep„</span> <span class='ocrx_word' id='word_1_93' title='bbox 1235 584 1399 621; x_wconf 69' lang='lat' dir='ltr'>sacristae,</span> <span class='ocrx_word' id='word_1_94' title='bbox 1415 591 1452 615; x_wconf 84' lang='lat' dir='ltr'>ac</span> <span class='ocrx_word' id='word_1_95' title='bbox 1469 583 1626 624; x_wconf 84' lang='lat' dir='ltr'>praecent.</span> <span class='ocrx_word' id='word_1_96' title='bbox 1643 581 1725 614; x_wconf 86' lang='lat' dir='ltr'>eccl.</span> <span class='ocrx_word' id='word_1_97' title='bbox 1742 581 1953 614; x_wconf 83' lang='lat' dir='ltr'>Avenionen.</span> <span class='ocrx_word' id='word_1_98' title='bbox 1968 581 2021 623; x_wconf 81' lang='lat' dir='ltr'>(A.</span> <span class='ocrx_word' id='word_1_99' title='bbox 2039 582 2089 621; x_wconf 85' lang='grc'>15,</span> <span class='ocrx_word' id='word_1_100' title='bbox 2103 580 2127 614; x_wconf 81' lang='lat' dir='ltr'>f.</span> <span class='ocrx_word' id='word_1_101' title='bbox 2146 581 2187 613; x_wconf 84' lang='grc'>74</span> <span class='ocrx_word' id='word_1_102' title='bbox 2203 580 2234 618; x_wconf 78' lang='lat'>¹·;</span> <span class='ocrx_word' id='word_1_103' title='bbox 2257 580 2292 613; x_wconf 85' lang='lat' dir='ltr'>V.</span> <span class='ocrx_word' id='word_1_104' title='bbox 2307 582 2360 617; x_wconf 82' lang='lat'>⁶11,</span> 
     </span>
     <span class='ocr_line' id='line_1_29' title="bbox 763 637 920 678; baseline -0.006 -8"><span class='ocrx_word' id='word_1_105' title='bbox 763 647 815 678; x_wconf 87' lang='lat' dir='ltr'>ep.</span> <span class='ocrx_word' id='word_1_106' title='bbox 833 637 920 675; x_wconf 77' lang='grc'><strong>564.)</strong></span> 
     </span>
    </p>

    <p class='ocr_par' dir='ltr' id='par_1_18' title="bbox 764 686 2362 890">
     <span class='ocr_line' id='line_1_30' title="bbox 809 686 2362 729; baseline -0.001 -9"><span class='ocrx_word' id='word_1_107' title='bbox 809 688 943 720; x_wconf 88' lang='grc'><strong>13000.</strong></span> <span class='ocrx_word' id='word_1_108' title='bbox 962 709 1001 714; x_wconf 93' lang='grc'><strong>-</strong></span> <span class='ocrx_word' id='word_1_109' title='bbox 1015 690 1136 722; x_wconf 85' lang='lat' dir='ltr'>Collat.</span> <span class='ocrx_word' id='word_1_110' title='bbox 1153 699 1270 722; x_wconf 85' lang='lat' dir='ltr'>canon.</span> <span class='ocrx_word' id='word_1_111' title='bbox 1288 689 1441 722; x_wconf 79' lang='lat' dir='ltr'>etunius</span> <span class='ocrx_word' id='word_1_112' title='bbox 1464 697 1482 721; x_wconf 88' lang='lat' dir='ltr'>e</span> <span class='ocrx_word' id='word_1_113' title='bbox 1509 688 1611 729; x_wconf 87' lang='lat' dir='ltr'>praeb.</span> <span class='ocrx_word' id='word_1_114' title='bbox 1627 688 1662 720; x_wconf 90' lang='lat' dir='ltr'>in</span> <span class='ocrx_word' id='word_1_115' title='bbox 1680 687 1760 720; x_wconf 88' lang='lat' dir='ltr'>eccl.</span> <span class='ocrx_word' id='word_1_116' title='bbox 1784 696 1812 719; x_wconf 82' lang='lat' dir='ltr'>s.</span> <span class='ocrx_word' id='word_1_117' title='bbox 1837 686 2004 728; x_wconf 81' lang='lat' dir='ltr'>Agricolae</span> <span class='ocrx_word' id='word_1_118' title='bbox 2021 686 2231 720; x_wconf 79' lang='lat' dir='ltr'>Aveuionen.</span> <span class='ocrx_word' id='word_1_119' title='bbox 2253 695 2362 728; x_wconf 77' lang='lat' dir='ltr'>nuper</span> 
     </span>
     <span class='ocr_line' id='line_1_31' title="bbox 764 739 2361 784; baseline -0.002 -9"><span class='ocrx_word' id='word_1_120' title='bbox 764 744 798 775; x_wconf 89' lang='lat' dir='ltr'>in</span> <span class='ocrx_word' id='word_1_121' title='bbox 813 743 1024 784; x_wconf 83' lang='lat' dir='ltr'>collegiatam</span> <span class='ocrx_word' id='word_1_122' title='bbox 1047 745 1158 775; x_wconf 76' lang='lat' dir='ltr'>erecta</span> <span class='ocrx_word' id='word_1_123' title='bbox 1179 742 1374 775; x_wconf 83' lang='lat' dir='ltr'>constitutis</span> <span class='ocrx_word' id='word_1_124' title='bbox 1399 741 1566 774; x_wconf 77' lang='lat' dir='ltr'>Guasberto</span> <span class='ocrx_word' id='word_1_125' title='bbox 1586 741 1624 773; x_wconf 80' lang='lat' dir='ltr'>de</span> <span class='ocrx_word' id='word_1_126' title='bbox 1648 741 1810 774; x_wconf 72' lang='lat' dir='ltr'>Cruor-nio.</span> <span class='ocrx_word' id='word_1_127' title='bbox 1830 759 1868 765; x_wconf 95' lang='lat'>—</span> <span class='ocrx_word' id='word_1_128' title='bbox 1885 740 1912 772; x_wconf 91' lang='grc' dir='ltr'>Ι.</span> <span class='ocrx_word' id='word_1_129' title='bbox 1932 749 1962 773; x_wconf 89' lang='lat' dir='ltr'>e.</span> <span class='ocrx_word' id='word_1_130' title='bbox 1982 749 2028 773; x_wconf 89' lang='lat' dir='ltr'>m.</span> <span class='ocrx_word' id='word_1_131' title='bbox 2049 739 2187 773; x_wconf 78' lang='lat' dir='ltr'>scolast.</span> <span class='ocrx_word' id='word_1_132' title='bbox 2205 739 2361 781; x_wconf 75' lang='lat' dir='ltr'>Engolis·</span> 
     </span>
     <span class='ocr_line' id='line_1_32' title="bbox 764 789 2362 837; baseline -0.003 -8"><span class='ocrx_word' id='word_1_133' title='bbox 764 806 867 834; x_wconf 61' lang='lat' dir='ltr'>men„</span> <span class='ocrx_word' id='word_1_134' title='bbox 890 798 923 829; x_wconf 91' lang='lat' dir='ltr'>et</span> <span class='ocrx_word' id='word_1_135' title='bbox 949 797 1099 828; x_wconf 75' lang='lat' dir='ltr'>sacristae</span> <span class='ocrx_word' id='word_1_136' title='bbox 1122 797 1310 835; x_wconf 84' lang='lat' dir='ltr'>Lectoren.,</span> <span class='ocrx_word' id='word_1_137' title='bbox 1334 805 1372 828; x_wconf 86' lang='lat' dir='ltr'>ac</span> <span class='ocrx_word' id='word_1_138' title='bbox 1398 804 1486 837; x_wconf 82' lang='lat' dir='ltr'>mag.</span> <span class='ocrx_word' id='word_1_139' title='bbox 1513 795 1617 828; x_wconf 85' lang='lat' dir='ltr'>Petro</span> <span class='ocrx_word' id='word_1_140' title='bbox 1644 794 1841 832; x_wconf 90' lang='lat' dir='ltr'>Cabiscolli,</span> <span class='ocrx_word' id='word_1_141' title='bbox 1868 802 1941 826; x_wconf 84' lang='lat' dir='ltr'>can.</span> <span class='ocrx_word' id='word_1_142' title='bbox 1967 789 2104 826; x_wconf 77' lang='lat' dir='ltr'>Albion.</span> <span class='ocrx_word' id='word_1_143' title='bbox 2125 792 2207 826; x_wconf 85' lang='lat' dir='ltr'>eccl.</span> <span class='ocrx_word' id='word_1_144' title='bbox 2229 792 2284 834; x_wconf 80' lang='grc' dir='ltr'>(Α.</span> <span class='ocrx_word' id='word_1_145' title='bbox 2309 794 2362 832; x_wconf 83' lang='grc'>14,</span> 
     </span>
     <span class='ocr_line' id='line_1_33' title="bbox 765 842 2142 890; baseline -0.004 -8"><span class='ocrx_word' id='word_1_146' title='bbox 765 850 788 882; x_wconf 87' lang='lat' dir='ltr'>f.</span> <span class='ocrx_word' id='word_1_147' title='bbox 804 852 864 882; x_wconf 85' lang='grc'>329</span> <span class='ocrx_word' id='word_1_148' title='bbox 879 850 913 886; x_wconf 69' lang='lat' dir='ltr'>bg</span> <span class='ocrx_word' id='word_1_149' title='bbox 933 850 969 882; x_wconf 92' lang='lat' dir='ltr'>V.</span> <span class='ocrx_word' id='word_1_150' title='bbox 991 852 1040 888; x_wconf 88' lang='lat'>71,</span> <span class='ocrx_word' id='word_1_151' title='bbox 1058 859 1109 890; x_wconf 85' lang='lat' dir='ltr'>ep.</span> <span class='ocrx_word' id='word_1_152' title='bbox 1128 851 1215 888; x_wconf 83' lang='lat'>679.)</span> <span class='ocrx_word' id='word_1_153' title='bbox 2137 842 2142 846; x_wconf 78' lang='grc'><strong>”</strong></span> 
     </span>
    </p>

    <p class='ocr_par' dir='ltr' id='par_1_19' title="bbox 764 899 2364 1103">
     <span class='ocr_line' id='line_1_34' title="bbox 812 899 2364 943; baseline -0.001 -9"><span class='ocrx_word' id='word_1_154' title='bbox 812 901 947 934; x_wconf 85' lang='grc'><strong>13001.</strong></span> <span class='ocrx_word' id='word_1_155' title='bbox 970 921 1006 927; x_wconf 92' lang='lat'>——</span> <span class='ocrx_word' id='word_1_156' title='bbox 1021 904 1141 935; x_wconf 76' lang='lat' dir='ltr'>Collai.</span> <span class='ocrx_word' id='word_1_157' title='bbox 1160 911 1278 935; x_wconf 78' lang='lat' dir='ltr'>ennon.</span> <span class='ocrx_word' id='word_1_158' title='bbox 1299 902 1380 935; x_wconf 84' lang='lat' dir='ltr'>eccl.</span> <span class='ocrx_word' id='word_1_159' title='bbox 1398 911 1425 934; x_wconf 84' lang='lat' dir='ltr'>s.</span> <span class='ocrx_word' id='word_1_160' title='bbox 1446 901 1613 943; x_wconf 82' lang='lat' dir='ltr'>Agricolae</span> <span class='ocrx_word' id='word_1_161' title='bbox 1631 901 1841 933; x_wconf 85' lang='lat' dir='ltr'>Avenionen.</span> <span class='ocrx_word' id='word_1_162' title='bbox 1857 909 1965 941; x_wconf 82' lang='lat' dir='ltr'><strong>nuper</strong></span> <span class='ocrx_word' id='word_1_163' title='bbox 1981 900 2015 932; x_wconf 90' lang='lat' dir='ltr'>in</span> <span class='ocrx_word' id='word_1_164' title='bbox 2035 899 2154 941; x_wconf 79' lang='lat' dir='ltr'>colleg.</span> <span class='ocrx_word' id='word_1_165' title='bbox 2175 900 2306 938; x_wconf 62' lang='lat' dir='ltr'>erecte,</span> <span class='ocrx_word' id='word_1_166' title='bbox 2324 907 2364 932; x_wconf 73' lang='grc' dir='ltr'>ω</span> 
     </span>
     <span class='ocr_line' id='line_1_35' title="bbox 764 951 2360 997; baseline -0.002 -9"><span class='ocrx_word' id='word_1_167' title='bbox 764 957 866 988; x_wconf 85' lang='lat' dir='ltr'>unius</span> <span class='ocrx_word' id='word_1_168' title='bbox 882 966 899 988; x_wconf 91' lang='lat' dir='ltr'>e</span> <span class='ocrx_word' id='word_1_169' title='bbox 912 957 1015 997; x_wconf 83' lang='lat' dir='ltr'>praeb.</span> <span class='ocrx_word' id='word_1_170' title='bbox 1034 957 1069 988; x_wconf 90' lang='lat' dir='ltr'>in</span> <span class='ocrx_word' id='word_1_171' title='bbox 1080 957 1152 988; x_wconf 89' lang='lat' dir='ltr'>ead.</span> <span class='ocrx_word' id='word_1_172' title='bbox 1171 956 1252 988; x_wconf 87' lang='lat' dir='ltr'>eccl.</span> <span class='ocrx_word' id='word_1_173' title='bbox 1269 956 1474 995; x_wconf 80' lang='lat' dir='ltr'>constitutis,</span> <span class='ocrx_word' id='word_1_174' title='bbox 1492 954 1638 996; x_wconf 79' lang='lat' dir='ltr'>Philippo</span> <span class='ocrx_word' id='word_1_175' title='bbox 1654 954 1691 986; x_wconf 84' lang='lat' dir='ltr'>de</span> <span class='ocrx_word' id='word_1_176' title='bbox 1709 953 1846 992; x_wconf 67' lang='lat' dir='ltr'>lienem,</span> <span class='ocrx_word' id='word_1_177' title='bbox 1866 954 1931 986; x_wconf 83' lang='grc' dir='ltr'>ΡΡ.</span> <span class='ocrx_word' id='word_1_178' title='bbox 1949 951 2109 986; x_wconf 71' lang='lat' dir='ltr'>famil.‘—</span> <span class='ocrx_word' id='word_1_179' title='bbox 2124 953 2151 985; x_wconf 92' lang='grc' dir='ltr'>Ι.</span> <span class='ocrx_word' id='word_1_180' title='bbox 2167 961 2197 985; x_wconf 83' lang='lat' dir='ltr'>e.</span> <span class='ocrx_word' id='word_1_181' title='bbox 2214 961 2260 985; x_wconf 88' lang='lat' dir='ltr'>m.</span> <span class='ocrx_word' id='word_1_182' title='bbox 2279 951 2360 985; x_wconf 72' lang='lat' dir='ltr'>Avi·</span> 
     </span>
     <span class='ocr_line' id='line_1_36' title="bbox 764 1005 2362 1050; baseline -0.003 -8"><span class='ocrx_word' id='word_1_183' title='bbox 764 1012 898 1042; x_wconf 88' lang='lat' dir='ltr'>nionen.</span> <span class='ocrx_word' id='word_1_184' title='bbox 913 1011 946 1042; x_wconf 87' lang='lat' dir='ltr'>et</span> <span class='ocrx_word' id='word_1_185' title='bbox 962 1010 1093 1050; x_wconf 83' lang='lat' dir='ltr'>Aquen.</span> <span class='ocrx_word' id='word_1_186' title='bbox 1109 1010 1188 1041; x_wconf 85' lang='lat' dir='ltr'>eccl.</span> <span class='ocrx_word' id='word_1_187' title='bbox 1206 1018 1323 1050; x_wconf 77' lang='lat' dir='ltr'>praep..</span> <span class='ocrx_word' id='word_1_188' title='bbox 1336 1018 1374 1041; x_wconf 88' lang='lat' dir='ltr'>ac</span> <span class='ocrx_word' id='word_1_189' title='bbox 1390 1009 1491 1041; x_wconf 86' lang='lat' dir='ltr'>Petro</span> <span class='ocrx_word' id='word_1_190' title='bbox 1507 1009 1548 1040; x_wconf 84' lang='lat' dir='ltr'>de</span> <span class='ocrx_word' id='word_1_191' title='bbox 1564 1008 1753 1048; x_wconf 88' lang='lat' dir='ltr'>Tophallis,</span> <span class='ocrx_word' id='word_1_192' title='bbox 1767 1015 1840 1039; x_wconf 84' lang='lat' dir='ltr'>ean.</span> <span class='ocrx_word' id='word_1_193' title='bbox 1857 1006 2061 1040; x_wconf 84' lang='lat' dir='ltr'>Cavallicen.</span> <span class='ocrx_word' id='word_1_194' title='bbox 2077 1006 2130 1047; x_wconf 83' lang='grc' dir='ltr'>(Α.</span> <span class='ocrx_word' id='word_1_195' title='bbox 2146 1007 2197 1044; x_wconf 89' lang='grc'>15,</span> <span class='ocrx_word' id='word_1_196' title='bbox 2214 1005 2237 1038; x_wconf 85' lang='lat' dir='ltr'>f.</span> <span class='ocrx_word' id='word_1_197' title='bbox 2256 1006 2316 1039; x_wconf 74' lang='grc'>180</span> <span class='ocrx_word' id='word_1_198' title='bbox 2329 1010 2362 1044; x_wconf 79' lang='lat'>⁸;</span> 
     </span>
     <span class='ocr_line' id='line_1_37' title="bbox 770 1063 1052 1103; baseline -0.007 -8"><span class='ocrx_word' id='word_1_199' title='bbox 770 1063 806 1095; x_wconf 92' lang='lat' dir='ltr'>V.</span> <span class='ocrx_word' id='word_1_200' title='bbox 823 1065 872 1100; x_wconf 80' lang='lat'>72,</span> <span class='ocrx_word' id='word_1_201' title='bbox 891 1072 943 1103; x_wconf 88' lang='lat' dir='ltr'>ep.</span> <span class='ocrx_word' id='word_1_202' title='bbox 965 1063 1052 1102; x_wconf 85' lang='grc'><strong>963.)</strong></span> 
     </span>
    </p>

    <p class='ocr_par' dir='ltr' id='par_1_20' title="bbox 765 1111 2365 1263">
     <span class='ocr_line' id='line_1_38' title="bbox 811 1111 2365 1156; baseline -0.001 -10"><span class='ocrx_word' id='word_1_203' title='bbox 811 1114 945 1146; x_wconf 84' lang='grc'><strong>13002.</strong></span> <span class='ocrx_word' id='word_1_204' title='bbox 962 1134 1000 1139; x_wconf 94' lang='grc'>-</span> <span class='ocrx_word' id='word_1_205' title='bbox 1017 1116 1100 1148; x_wconf 90' lang='lat' dir='ltr'>Ead.</span> <span class='ocrx_word' id='word_1_206' title='bbox 1119 1116 1228 1156; x_wconf 80' lang='lat' dir='ltr'>gratia</span> <span class='ocrx_word' id='word_1_207' title='bbox 1241 1115 1277 1148; x_wconf 83' lang='lat' dir='ltr'>fit</span> <span class='ocrx_word' id='word_1_208' title='bbox 1293 1114 1445 1156; x_wconf 79' lang='lat' dir='ltr'>Gaufrido</span> <span class='ocrx_word' id='word_1_209' title='bbox 1462 1113 1598 1152; x_wconf 75' lang='lat' dir='ltr'>Isnardi,</span> <span class='ocrx_word' id='word_1_210' title='bbox 1615 1114 1682 1146; x_wconf 88' lang='grc' dir='ltr'>ΡΡ.</span> <span class='ocrx_word' id='word_1_211' title='bbox 1700 1122 1772 1154; x_wconf 85' lang='lat' dir='ltr'>cap.</span> <span class='ocrx_word' id='word_1_212' title='bbox 1791 1115 1824 1146; x_wconf 83' lang='lat' dir='ltr'>et</span> <span class='ocrx_word' id='word_1_213' title='bbox 1841 1113 1948 1145; x_wconf 83' lang='lat' dir='ltr'>famil.</span> <span class='ocrx_word' id='word_1_214' title='bbox 1967 1129 2005 1136; x_wconf 92' lang='lat'>—</span> <span class='ocrx_word' id='word_1_215' title='bbox 2020 1112 2048 1145; x_wconf 91' lang='lat'>1.</span> <span class='ocrx_word' id='word_1_216' title='bbox 2067 1121 2097 1144; x_wconf 87' lang='lat' dir='ltr'>e.</span> <span class='ocrx_word' id='word_1_217' title='bbox 2114 1121 2160 1145; x_wconf 91' lang='lat' dir='ltr'>m.</span> <span class='ocrx_word' id='word_1_218' title='bbox 2182 1111 2314 1154; x_wconf 82' lang='lat' dir='ltr'>Aquen.</span> <span class='ocrx_word' id='word_1_219' title='bbox 2330 1112 2365 1144; x_wconf 78' lang='lat' dir='ltr'>ot</span> 
     </span>
     <span class='ocr_line' id='line_1_39' title="bbox 765 1165 2363 1207; baseline -0.003 -6"><span class='ocrx_word' id='word_1_220' title='bbox 765 1170 973 1202; x_wconf 87' lang='lat' dir='ltr'>Avenionen.</span> <span class='ocrx_word' id='word_1_221' title='bbox 1004 1169 1172 1207; x_wconf 85' lang='lat' dir='ltr'>sacristis,</span> <span class='ocrx_word' id='word_1_222' title='bbox 1196 1178 1234 1200; x_wconf 87' lang='lat' dir='ltr'>ac</span> <span class='ocrx_word' id='word_1_223' title='bbox 1254 1169 1355 1200; x_wconf 78' lang='lat' dir='ltr'>Petro</span> <span class='ocrx_word' id='word_1_224' title='bbox 1382 1168 1422 1199; x_wconf 90' lang='lat' dir='ltr'>de</span> <span class='ocrx_word' id='word_1_225' title='bbox 1446 1167 1605 1204; x_wconf 81' lang='lat' dir='ltr'>Tosallis,</span> <span class='ocrx_word' id='word_1_226' title='bbox 1633 1175 1705 1198; x_wconf 88' lang='lat' dir='ltr'>can.</span> <span class='ocrx_word' id='word_1_227' title='bbox 1726 1165 1931 1198; x_wconf 83' lang='lat' dir='ltr'>Cavallicen.</span> <span class='ocrx_word' id='word_1_228' title='bbox 1961 1165 2040 1199; x_wconf 82' lang='lat' dir='ltr'>eccl.</span> <span class='ocrx_word' id='word_1_229' title='bbox 2058 1165 2113 1207; x_wconf 79' lang='lat' dir='ltr'>(A.</span> <span class='ocrx_word' id='word_1_230' title='bbox 2133 1167 2181 1204; x_wconf 86' lang='grc'>15,</span> <span class='ocrx_word' id='word_1_231' title='bbox 2208 1165 2233 1197; x_wconf 81' lang='lat' dir='ltr'>f.</span> <span class='ocrx_word' id='word_1_232' title='bbox 2254 1165 2316 1198; x_wconf 84' lang='grc'>255</span> <span class='ocrx_word' id='word_1_233' title='bbox 2332 1169 2363 1202; x_wconf 81' lang='grc'>·;</span> 
     </span>
     <span class='ocr_line' id='line_1_40' title="bbox 770 1222 1048 1263; baseline -0.011 -8"><span class='ocrx_word' id='word_1_234' title='bbox 770 1224 806 1255; x_wconf 95' lang='lat' dir='ltr'>V.</span> <span class='ocrx_word' id='word_1_235' title='bbox 827 1225 877 1260; x_wconf 82' lang='grc'>72,</span> <span class='ocrx_word' id='word_1_236' title='bbox 895 1232 947 1263; x_wconf 90' lang='lat' dir='ltr'>ep.</span> <span class='ocrx_word' id='word_1_237' title='bbox 963 1222 1048 1261; x_wconf 83' lang='lat'>967.)</span> 
     </span>
    </p>

    <p class='ocr_par' dir='ltr' id='par_1_21' title="bbox 765 1271 2362 1369">
     <span class='ocr_line' id='line_1_41' title="bbox 812 1271 2362 1316; baseline -0.001 -10"><span class='ocrx_word' id='word_1_238' title='bbox 812 1274 947 1306; x_wconf 91' lang='grc'><strong>13003.</strong></span> <span class='ocrx_word' id='word_1_239' title='bbox 967 1295 1004 1300; x_wconf 95' lang='grc'><strong>-</strong></span> <span class='ocrx_word' id='word_1_240' title='bbox 1026 1276 1153 1307; x_wconf 85' lang='lat' dir='ltr'>Eadem</span> <span class='ocrx_word' id='word_1_241' title='bbox 1168 1275 1278 1316; x_wconf 85' lang='lat' dir='ltr'>gratia</span> <span class='ocrx_word' id='word_1_242' title='bbox 1294 1275 1332 1306; x_wconf 87' lang='lat' dir='ltr'>fit</span> <span class='ocrx_word' id='word_1_243' title='bbox 1349 1275 1502 1315; x_wconf 74' lang='lat' dir='ltr'>Rostaqno</span> <span class='ocrx_word' id='word_1_244' title='bbox 1519 1272 1701 1306; x_wconf 71' lang='lat' dir='ltr'>Cabassotae.</span> <span class='ocrx_word' id='word_1_245' title='bbox 1723 1290 1763 1296; x_wconf 88' lang='lat'><em>-</em></span> <span class='ocrx_word' id='word_1_246' title='bbox 1777 1273 1805 1305; x_wconf 90' lang='grc' dir='ltr'>Ι.</span> <span class='ocrx_word' id='word_1_247' title='bbox 1824 1281 1854 1305; x_wconf 86' lang='lat' dir='ltr'>e.</span> <span class='ocrx_word' id='word_1_248' title='bbox 1872 1281 1919 1304; x_wconf 91' lang='lat' dir='ltr'>m.</span> <span class='ocrx_word' id='word_1_249' title='bbox 1935 1273 1972 1304; x_wconf 84' lang='lat' dir='ltr'>ut</span> <span class='ocrx_word' id='word_1_250' title='bbox 1989 1280 2032 1311; x_wconf 85' lang='lat' dir='ltr'>s.‚</span> <span class='ocrx_word' id='word_1_251' title='bbox 2049 1280 2084 1304; x_wconf 91' lang='lat' dir='ltr'>n.</span> <span class='ocrx_word' id='word_1_252' title='bbox 2110 1272 2221 1304; x_wconf 80' lang='grc'><strong>12997.</strong></span> <span class='ocrx_word' id='word_1_253' title='bbox 2239 1271 2292 1312; x_wconf 82' lang='grc' dir='ltr'>(Α.</span> <span class='ocrx_word' id='word_1_254' title='bbox 2311 1272 2362 1311; x_wconf 81' lang='grc'>15,</span> 
     </span>
     <span class='ocr_line' id='line_1_42' title="bbox 765 1329 1242 1369; baseline -0.006 -8"><span class='ocrx_word' id='word_1_255' title='bbox 765 1330 788 1361; x_wconf 82' lang='lat' dir='ltr'>f.</span> <span class='ocrx_word' id='word_1_256' title='bbox 805 1332 863 1362; x_wconf 88' lang='grc'>197</span> <span class='ocrx_word' id='word_1_257' title='bbox 883 1335 914 1366; x_wconf 53' lang='grc' dir='ltr'>ὃ,</span> <span class='ocrx_word' id='word_1_258' title='bbox 937 1330 973 1361; x_wconf 92' lang='lat' dir='ltr'>V.</span> <span class='ocrx_word' id='word_1_259' title='bbox 997 1331 1048 1367; x_wconf 85' lang='grc'>72,</span> <span class='ocrx_word' id='word_1_260' title='bbox 1066 1338 1117 1369; x_wconf 91' lang='lat' dir='ltr'>ep.</span> <span class='ocrx_word' id='word_1_261' title='bbox 1138 1329 1242 1367; x_wconf 85' lang='lat'>1061.)</span> 
     </span>
    </p>

    <p class='ocr_par' dir='ltr' id='par_1_22' title="bbox 765 1377 2367 1638">
     <span class='ocr_line' id='line_1_43' title="bbox 812 1377 2365 1422; baseline -0.001 -10"><span class='ocrx_word' id='word_1_262' title='bbox 812 1380 947 1413; x_wconf 77' lang='grc'><strong>13001.</strong></span> <span class='ocrx_word' id='word_1_263' title='bbox 965 1401 1004 1406; x_wconf 90' lang='grc'><strong>-</strong></span> <span class='ocrx_word' id='word_1_264' title='bbox 1021 1382 1139 1414; x_wconf 83' lang='lat' dir='ltr'>Gratia</span> <span class='ocrx_word' id='word_1_265' title='bbox 1160 1390 1256 1422; x_wconf 83' lang='lat' dir='ltr'>exsp.</span> <span class='ocrx_word' id='word_1_266' title='bbox 1275 1381 1419 1413; x_wconf 85' lang='lat' dir='ltr'>duorum</span> <span class='ocrx_word' id='word_1_267' title='bbox 1443 1380 1570 1416; x_wconf 69' lang='lat' dir='ltr'>benef„</span> <span class='ocrx_word' id='word_1_268' title='bbox 1588 1380 1632 1412; x_wconf 82' lang='lat' dir='ltr'>ad.</span> <span class='ocrx_word' id='word_1_269' title='bbox 1653 1379 1897 1420; x_wconf 86' lang='lat' dir='ltr'>cujuscumque</span> <span class='ocrx_word' id='word_1_270' title='bbox 1919 1378 2032 1410; x_wconf 78' lang='lat' dir='ltr'>collat.</span> <span class='ocrx_word' id='word_1_271' title='bbox 2054 1377 2192 1419; x_wconf 65' lang='lat' dir='ltr'>pertin„</span> <span class='ocrx_word' id='word_1_272' title='bbox 2213 1385 2241 1410; x_wconf 81' lang='lat' dir='ltr'>s.</span> <span class='ocrx_word' id='word_1_273' title='bbox 2265 1386 2309 1416; x_wconf 75' lang='grc' dir='ltr'>ο..</span> <span class='ocrx_word' id='word_1_274' title='bbox 2328 1377 2365 1410; x_wconf 85' lang='lat' dir='ltr'>in</span> 
     </span>
     <span class='ocr_line' id='line_1_44' title="bbox 766 1429 2366 1476; baseline -0.003 -9"><span class='ocrx_word' id='word_1_275' title='bbox 766 1437 857 1468; x_wconf 82' lang='lat' dir='ltr'>civit.</span> <span class='ocrx_word' id='word_1_276' title='bbox 876 1437 928 1467; x_wconf 89' lang='lat' dir='ltr'>vel</span> <span class='ocrx_word' id='word_1_277' title='bbox 948 1436 994 1467; x_wconf 92' lang='lat' dir='ltr'>di.</span> <span class='ocrx_word' id='word_1_278' title='bbox 1010 1435 1240 1476; x_wconf 84' lang='lat' dir='ltr'>Neapolitan.,</span> <span class='ocrx_word' id='word_1_279' title='bbox 1257 1434 1385 1466; x_wconf 82' lang='lat' dir='ltr'>consid.</span> <span class='ocrx_word' id='word_1_280' title='bbox 1409 1434 1537 1466; x_wconf 84' lang='lat' dir='ltr'>Sanciae</span> <span class='ocrx_word' id='word_1_281' title='bbox 1555 1433 1680 1474; x_wconf 82' lang='lat' dir='ltr'>reginae</span> <span class='ocrx_word' id='word_1_282' title='bbox 1700 1432 1837 1470; x_wconf 70' lang='lat' dir='ltr'>Siciliae,</span> <span class='ocrx_word' id='word_1_283' title='bbox 1858 1431 1989 1473; x_wconf 76' lang='lat' dir='ltr'>Roqerio</span> <span class='ocrx_word' id='word_1_284' title='bbox 2011 1430 2048 1463; x_wconf 77' lang='lat' dir='ltr'>de</span> <span class='ocrx_word' id='word_1_285' title='bbox 2067 1441 2093 1463; x_wconf 72' lang='lat' dir='ltr'>s.</span> <span class='ocrx_word' id='word_1_286' title='bbox 2114 1430 2276 1470; x_wconf 78' lang='lat' dir='ltr'>Severino,</span> <span class='ocrx_word' id='word_1_287' title='bbox 2293 1429 2366 1463; x_wconf 77' lang='lat' dir='ltr'>ulio</span> 
     </span>
     <span class='ocr_line' id='line_1_45' title="bbox 765 1483 2364 1527; baseline -0.003 -5"><span class='ocrx_word' id='word_1_288' title='bbox 765 1499 798 1522; x_wconf 94' lang='lat' dir='ltr'>n.</span> <span class='ocrx_word' id='word_1_289' title='bbox 815 1500 846 1520; x_wconf 79' lang='lat' dir='ltr'>v.</span> <span class='ocrx_word' id='word_1_290' title='bbox 867 1489 1041 1522; x_wconf 88' lang='lat' dir='ltr'>Thomasii</span> <span class='ocrx_word' id='word_1_291' title='bbox 1055 1489 1191 1520; x_wconf 75' lang='lat' dir='ltr'>comitis</span> <span class='ocrx_word' id='word_1_292' title='bbox 1206 1488 1356 1525; x_wconf 87' lang='lat' dir='ltr'>Marcici,</span> <span class='ocrx_word' id='word_1_293' title='bbox 1372 1487 1440 1518; x_wconf 86' lang='grc' dir='ltr'>ΡΡ.</span> <span class='ocrx_word' id='word_1_294' title='bbox 1458 1496 1545 1527; x_wconf 90' lang='lat' dir='ltr'>cap.‚</span> <span class='ocrx_word' id='word_1_295' title='bbox 1558 1487 1710 1518; x_wconf 83' lang='lat' dir='ltr'>Paduan.</span> <span class='ocrx_word' id='word_1_296' title='bbox 1727 1487 1760 1518; x_wconf 86' lang='lat' dir='ltr'>et</span> <span class='ocrx_word' id='word_1_297' title='bbox 1773 1485 1991 1526; x_wconf 82' lang='lat' dir='ltr'>Neapolitan.</span> <span class='ocrx_word' id='word_1_298' title='bbox 2006 1484 2088 1517; x_wconf 83' lang='lat' dir='ltr'>eccl.</span> <span class='ocrx_word' id='word_1_299' title='bbox 2101 1493 2174 1516; x_wconf 84' lang='lat' dir='ltr'>can.</span> <span class='ocrx_word' id='word_1_300' title='bbox 2188 1483 2253 1516; x_wconf 75' lang='lat' dir='ltr'>sub</span> <span class='ocrx_word' id='word_1_301' title='bbox 2267 1491 2364 1526; x_wconf 77' lang='lat' dir='ltr'>exsp.</span> 
     </span>
     <span class='ocr_line' id='line_1_46' title="bbox 765 1537 2367 1584; baseline -0.003 -9"><span class='ocrx_word' id='word_1_302' title='bbox 765 1543 868 1584; x_wconf 86' lang='lat' dir='ltr'>praeb.</span> <span class='ocrx_word' id='word_1_303' title='bbox 887 1562 923 1567; x_wconf 91' lang='lat'>—</span> <span class='ocrx_word' id='word_1_304' title='bbox 941 1543 968 1574; x_wconf 91' lang='grc' dir='ltr'>Ι.</span> <span class='ocrx_word' id='word_1_305' title='bbox 986 1552 1014 1573; x_wconf 88' lang='lat' dir='ltr'>e.</span> <span class='ocrx_word' id='word_1_306' title='bbox 1034 1551 1077 1573; x_wconf 90' lang='lat' dir='ltr'>m.</span> <span class='ocrx_word' id='word_1_307' title='bbox 1096 1542 1265 1582; x_wconf 88' lang='lat' dir='ltr'>archiep.o</span> <span class='ocrx_word' id='word_1_308' title='bbox 1288 1541 1473 1579; x_wconf 67' lang='lat' dir='ltr'>Arelaten„</span> <span class='ocrx_word' id='word_1_309' title='bbox 1499 1542 1530 1573; x_wconf 83' lang='lat' dir='ltr'>et</span> <span class='ocrx_word' id='word_1_310' title='bbox 1549 1549 1625 1581; x_wconf 86' lang='lat' dir='ltr'>ep.o</span> <span class='ocrx_word' id='word_1_311' title='bbox 1640 1539 1808 1577; x_wconf 67' lang='lat' dir='ltr'>Theatin„</span> <span class='ocrx_word' id='word_1_312' title='bbox 1827 1548 1865 1571; x_wconf 83' lang='lat' dir='ltr'>ac</span> <span class='ocrx_word' id='word_1_313' title='bbox 1880 1539 1969 1572; x_wconf 88' lang='lat' dir='ltr'>Urso</span> <span class='ocrx_word' id='word_1_314' title='bbox 1986 1537 2167 1575; x_wconf 85' lang='lat' dir='ltr'>Munitulo,</span> <span class='ocrx_word' id='word_1_315' title='bbox 2185 1546 2258 1570; x_wconf 85' lang='lat' dir='ltr'>can.</span> <span class='ocrx_word' id='word_1_316' title='bbox 2278 1537 2367 1571; x_wconf 79' lang='lat' dir='ltr'>Nea-</span> 
     </span>
     <span class='ocr_line' id='line_1_47' title="bbox 766 1593 1518 1638; baseline -0.004 -9"><span class='ocrx_word' id='word_1_317' title='bbox 766 1598 906 1638; x_wconf 66' lang='lat' dir='ltr'>politan.</span> <span class='ocrx_word' id='word_1_318' title='bbox 925 1597 976 1637; x_wconf 89' lang='lat' dir='ltr'>(A.</span> <span class='ocrx_word' id='word_1_319' title='bbox 991 1598 1041 1633; x_wconf 86' lang='lat'>15,</span> <span class='ocrx_word' id='word_1_320' title='bbox 1059 1596 1082 1626; x_wconf 89' lang='lat' dir='ltr'>f.</span> <span class='ocrx_word' id='word_1_321' title='bbox 1099 1597 1158 1628; x_wconf 87' lang='grc'>366</span> <span class='ocrx_word' id='word_1_322' title='bbox 1173 1595 1203 1633; x_wconf 79' lang='lat'>¹³3</span> <span class='ocrx_word' id='word_1_323' title='bbox 1225 1595 1261 1627; x_wconf 92' lang='lat' dir='ltr'>V.</span> <span class='ocrx_word' id='word_1_324' title='bbox 1279 1596 1328 1633; x_wconf 91' lang='grc'>72,</span> <span class='ocrx_word' id='word_1_325' title='bbox 1342 1603 1395 1634; x_wconf 88' lang='lat' dir='ltr'>ep.</span> <span class='ocrx_word' id='word_1_326' title='bbox 1412 1593 1518 1634; x_wconf 86' lang='grc'><strong>1308.)</strong></span> 
     </span>
    </p>

    <p class='ocr_par' dir='ltr' id='par_1_23' title="bbox 767 1644 2368 1796">
     <span class='ocr_line' id='line_1_48' title="bbox 812 1644 2368 1688; baseline -0.001 -9"><span class='ocrx_word' id='word_1_327' title='bbox 812 1647 946 1679; x_wconf 72' lang='grc'><strong>13005.</strong></span> <span class='ocrx_word' id='word_1_328' title='bbox 968 1668 1006 1673; x_wconf 91' lang='grc'><strong>-</strong></span> <span class='ocrx_word' id='word_1_329' title='bbox 1023 1650 1140 1681; x_wconf 79' lang='lat' dir='ltr'><strong>Gratia</strong></span> <span class='ocrx_word' id='word_1_330' title='bbox 1154 1657 1315 1680; x_wconf 84' lang='lat' dir='ltr'>concessa</span> <span class='ocrx_word' id='word_1_331' title='bbox 1340 1657 1456 1688; x_wconf 84' lang='lat' dir='ltr'>supra,</span> <span class='ocrx_word' id='word_1_332' title='bbox 1473 1656 1506 1679; x_wconf 91' lang='lat' dir='ltr'>n.</span> <span class='ocrx_word' id='word_1_333' title='bbox 1531 1648 1642 1684; x_wconf 84' lang='grc'><strong>13003,</strong></span> <span class='ocrx_word' id='word_1_334' title='bbox 1660 1647 1698 1678; x_wconf 87' lang='lat' dir='ltr'>fit</span> <span class='ocrx_word' id='word_1_335' title='bbox 1717 1646 1809 1678; x_wconf 85' lang='lat' dir='ltr'>Petro</span> <span class='ocrx_word' id='word_1_336' title='bbox 1833 1645 1975 1677; x_wconf 70' lang='lat' dir='ltr'>anscarii</span> <span class='ocrx_word' id='word_1_337' title='bbox 1995 1644 2032 1676; x_wconf 79' lang='lat' dir='ltr'>de</span> <span class='ocrx_word' id='word_1_338' title='bbox 2050 1655 2076 1677; x_wconf 73' lang='grc' dir='ltr'>ε.</span> <span class='ocrx_word' id='word_1_339' title='bbox 2098 1645 2256 1683; x_wconf 71' lang='lat' dir='ltr'>Quintiae,</span> <span class='ocrx_word' id='word_1_340' title='bbox 2273 1645 2368 1683; x_wconf 73' lang='lat' dir='ltr'>motu</span> 
     </span>
     <span class='ocr_line' id='line_1_49' title="bbox 767 1697 2368 1745; baseline -0.004 -10"><span class='ocrx_word' id='word_1_341' title='bbox 767 1705 914 1745; x_wconf 85' lang='lat' dir='ltr'>proprio.</span> <span class='ocrx_word' id='word_1_342' title='bbox 933 1721 971 1726; x_wconf 91' lang='lat'>—</span> <span class='ocrx_word' id='word_1_343' title='bbox 989 1703 1016 1734; x_wconf 94' lang='grc' dir='ltr'>Ι.</span> <span class='ocrx_word' id='word_1_344' title='bbox 1036 1711 1066 1734; x_wconf 88' lang='lat' dir='ltr'>e.</span> <span class='ocrx_word' id='word_1_345' title='bbox 1085 1712 1130 1733; x_wconf 91' lang='lat' dir='ltr'>m.</span> <span class='ocrx_word' id='word_1_346' title='bbox 1149 1711 1251 1742; x_wconf 86' lang='lat' dir='ltr'>praep.</span> <span class='ocrx_word' id='word_1_347' title='bbox 1269 1703 1301 1733; x_wconf 87' lang='lat' dir='ltr'>et</span> <span class='ocrx_word' id='word_1_348' title='bbox 1321 1702 1446 1733; x_wconf 89' lang='lat' dir='ltr'>decano</span> <span class='ocrx_word' id='word_1_349' title='bbox 1467 1701 1690 1739; x_wconf 86' lang='lat' dir='ltr'>Avenionen.‚</span> <span class='ocrx_word' id='word_1_350' title='bbox 1711 1709 1749 1732; x_wconf 88' lang='lat' dir='ltr'>ac</span> <span class='ocrx_word' id='word_1_351' title='bbox 1770 1699 1942 1731; x_wconf 82' lang='lat' dir='ltr'>Bernardo</span> <span class='ocrx_word' id='word_1_352' title='bbox 1963 1698 2115 1734; x_wconf 85' lang='lat' dir='ltr'>Amanti‚</span> <span class='ocrx_word' id='word_1_353' title='bbox 2134 1707 2208 1731; x_wconf 85' lang='lat' dir='ltr'>can.</span> <span class='ocrx_word' id='word_1_354' title='bbox 2226 1697 2368 1731; x_wconf 68' lang='grc' dir='ltr'><strong>81811.τὶ-</strong></span> 
     </span>
     <span class='ocr_line' id='line_1_50' title="bbox 767 1755 1566 1796; baseline -0.009 -6"><span class='ocrx_word' id='word_1_355' title='bbox 767 1767 838 1790; x_wconf 89' lang='lat' dir='ltr'>cen.</span> <span class='ocrx_word' id='word_1_356' title='bbox 853 1758 933 1789; x_wconf 87' lang='lat' dir='ltr'>eccl.</span> <span class='ocrx_word' id='word_1_357' title='bbox 953 1757 1004 1796; x_wconf 87' lang='lat' dir='ltr'>(A.</span> <span class='ocrx_word' id='word_1_358' title='bbox 1021 1758 1071 1794; x_wconf 87' lang='grc'>15,</span> <span class='ocrx_word' id='word_1_359' title='bbox 1091 1756 1112 1787; x_wconf 85' lang='lat' dir='ltr'>f.</span> <span class='ocrx_word' id='word_1_360' title='bbox 1130 1757 1190 1788; x_wconf 81' lang='grc'>457</span> <span class='ocrx_word' id='word_1_361' title='bbox 1209 1761 1240 1792; x_wconf 73' lang='lat'>⁸;</span> <span class='ocrx_word' id='word_1_362' title='bbox 1261 1755 1297 1786; x_wconf 87' lang='lat' dir='ltr'>V.</span> <span class='ocrx_word' id='word_1_363' title='bbox 1317 1756 1366 1793; x_wconf 88' lang='grc'>72,</span> <span class='ocrx_word' id='word_1_364' title='bbox 1390 1763 1444 1794; x_wconf 87' lang='lat' dir='ltr'>ep.</span> <span class='ocrx_word' id='word_1_365' title='bbox 1460 1755 1566 1794; x_wconf 84' lang='grc'><strong>1399.)</strong></span> 
     </span>
    </p>

    <p class='ocr_par' dir='ltr' id='par_1_24' title="bbox 767 1803 2366 1906">
     <span class='ocr_line' id='line_1_51' title="bbox 813 1803 2366 1850; baseline -0.003 -10"><span class='ocrx_word' id='word_1_366' title='bbox 813 1808 950 1840; x_wconf 86' lang='grc'><strong>13006.</strong></span> <span class='ocrx_word' id='word_1_367' title='bbox 976 1829 1014 1833; x_wconf 93' lang='grc'><strong>-</strong></span> <span class='ocrx_word' id='word_1_368' title='bbox 1030 1810 1113 1841; x_wconf 84' lang='lat' dir='ltr'>Ead.</span> <span class='ocrx_word' id='word_1_369' title='bbox 1132 1809 1241 1850; x_wconf 83' lang='lat' dir='ltr'>gratia</span> <span class='ocrx_word' id='word_1_370' title='bbox 1263 1809 1300 1840; x_wconf 85' lang='lat' dir='ltr'>fit</span> <span class='ocrx_word' id='word_1_371' title='bbox 1319 1807 1458 1839; x_wconf 82' lang='lat' dir='ltr'>Arnaldo</span> <span class='ocrx_word' id='word_1_372' title='bbox 1481 1806 1518 1838; x_wconf 81' lang='lat' dir='ltr'>de</span> <span class='ocrx_word' id='word_1_373' title='bbox 1536 1805 1732 1848; x_wconf 83' lang='lat' dir='ltr'>Capdenaco.</span> <span class='ocrx_word' id='word_1_374' title='bbox 1752 1824 1790 1829; x_wconf 93' lang='lat'>—</span> <span class='ocrx_word' id='word_1_375' title='bbox 1806 1806 1833 1838; x_wconf 92' lang='grc' dir='ltr'>Ι.</span> <span class='ocrx_word' id='word_1_376' title='bbox 1851 1814 1881 1838; x_wconf 92' lang='lat' dir='ltr'>e.</span> <span class='ocrx_word' id='word_1_377' title='bbox 1897 1814 1942 1836; x_wconf 90' lang='lat' dir='ltr'>m.</span> <span class='ocrx_word' id='word_1_378' title='bbox 1958 1805 2089 1846; x_wconf 86' lang='lat' dir='ltr'>Aquen.</span> <span class='ocrx_word' id='word_1_379' title='bbox 2106 1806 2140 1836; x_wconf 86' lang='lat' dir='ltr'>et</span> <span class='ocrx_word' id='word_1_380' title='bbox 2155 1803 2366 1836; x_wconf 82' lang='lat' dir='ltr'>Avenionen.</span> 
     </span>
     <span class='ocr_line' id='line_1_52' title="bbox 767 1857 2176 1906; baseline -0.005 -9"><span class='ocrx_word' id='word_1_381' title='bbox 767 1874 882 1906; x_wconf 73' lang='lat' dir='ltr'>praep..</span> <span class='ocrx_word' id='word_1_382' title='bbox 897 1873 934 1895; x_wconf 88' lang='lat' dir='ltr'>ac</span> <span class='ocrx_word' id='word_1_383' title='bbox 952 1863 1102 1895; x_wconf 74' lang='lat' dir='ltr'>sacristae</span> <span class='ocrx_word' id='word_1_384' title='bbox 1118 1863 1224 1902; x_wconf 84' lang='lat' dir='ltr'>ejusd.</span> <span class='ocrx_word' id='word_1_385' title='bbox 1242 1862 1451 1894; x_wconf 89' lang='lat' dir='ltr'>Avenionen.</span> <span class='ocrx_word' id='word_1_386' title='bbox 1471 1860 1552 1893; x_wconf 87' lang='lat' dir='ltr'>eccl.</span> <span class='ocrx_word' id='word_1_387' title='bbox 1566 1861 1619 1902; x_wconf 89' lang='lat' dir='ltr'>(A.</span> <span class='ocrx_word' id='word_1_388' title='bbox 1637 1861 1687 1895; x_wconf 84' lang='lat'>15,</span> <span class='ocrx_word' id='word_1_389' title='bbox 1706 1859 1729 1891; x_wconf 84' lang='lat' dir='ltr'>f.</span> <span class='ocrx_word' id='word_1_390' title='bbox 1749 1860 1810 1891; x_wconf 72' lang='lat'>475</span> <span class='ocrx_word' id='word_1_391' title='bbox 1825 1864 1857 1897; x_wconf 68' lang='grc' dir='ltr'>*ς</span> <span class='ocrx_word' id='word_1_392' title='bbox 1881 1857 1913 1890; x_wconf 90' lang='lat' dir='ltr'>V.</span> <span class='ocrx_word' id='word_1_393' title='bbox 1928 1859 1978 1897; x_wconf 83' lang='grc'>72,</span> <span class='ocrx_word' id='word_1_394' title='bbox 1996 1866 2048 1898; x_wconf 88' lang='lat' dir='ltr'>ep.</span> <span class='ocrx_word' id='word_1_395' title='bbox 2070 1858 2176 1898; x_wconf 88' lang='grc'><strong>1545.)</strong></span> 
     </span>
    </p>

    <p class='ocr_par' dir='ltr' id='par_1_25' title="bbox 767 1909 2371 2224">
     <span class='ocr_line' id='line_1_53' title="bbox 814 1909 2367 1954; baseline -0.003 -7"><span class='ocrx_word' id='word_1_396' title='bbox 814 1916 948 1947; x_wconf 89' lang='grc'><strong>13007.</strong></span> <span class='ocrx_word' id='word_1_397' title='bbox 968 1936 1006 1941; x_wconf 90' lang='lat'>—</span> <span class='ocrx_word' id='word_1_398' title='bbox 1028 1917 1142 1948; x_wconf 82' lang='lat' dir='ltr'>Joanm&#39;</span> <span class='ocrx_word' id='word_1_399' title='bbox 1163 1915 1200 1947; x_wconf 84' lang='lat' dir='ltr'>de</span> <span class='ocrx_word' id='word_1_400' title='bbox 1219 1915 1341 1953; x_wconf 84' lang='lat' dir='ltr'>Salino,</span> <span class='ocrx_word' id='word_1_401' title='bbox 1358 1914 1535 1947; x_wconf 90' lang='lat' dir='ltr'>Guillelmi</span> <span class='ocrx_word' id='word_1_402' title='bbox 1560 1913 1629 1954; x_wconf 87' lang='lat' dir='ltr'>ep.i</span> <span class='ocrx_word' id='word_1_403' title='bbox 1650 1913 1851 1944; x_wconf 81' lang='lat' dir='ltr'>Praenestin.</span> <span class='ocrx_word' id='word_1_404' title='bbox 1870 1909 2367 1952; x_wconf 58' lang='lat' dir='ltr'>consanguinemuagalonen.</span> 
     </span>
     <span class='ocr_line' id='line_1_54' title="bbox 768 1963 2366 2012; baseline -0.006 -8"><span class='ocrx_word' id='word_1_405' title='bbox 768 1981 854 2009; x_wconf 87' lang='lat' dir='ltr'>can.,</span> <span class='ocrx_word' id='word_1_406' title='bbox 870 1981 964 2012; x_wconf 54' lang='lat' dir='ltr'>prom</span> <span class='ocrx_word' id='word_1_407' title='bbox 982 1971 1107 2002; x_wconf 86' lang='lat' dir='ltr'>ruralis</span> <span class='ocrx_word' id='word_1_408' title='bbox 1124 1970 1205 2001; x_wconf 84' lang='lat' dir='ltr'>eccl.</span> <span class='ocrx_word' id='word_1_409' title='bbox 1222 1970 1262 2000; x_wconf 89' lang='lat' dir='ltr'>de</span> <span class='ocrx_word' id='word_1_410' title='bbox 1279 1969 1410 2005; x_wconf 88' lang='lat' dir='ltr'>Adano,</span> <span class='ocrx_word' id='word_1_411' title='bbox 1426 1968 1599 1999; x_wconf 84' lang='lat' dir='ltr'>Arelaten.</span> <span class='ocrx_word' id='word_1_412' title='bbox 1616 1966 1675 2004; x_wconf 90' lang='lat' dir='ltr'>di.,</span> <span class='ocrx_word' id='word_1_413' title='bbox 1691 1975 1752 2006; x_wconf 89' lang='lat' dir='ltr'>per</span> <span class='ocrx_word' id='word_1_414' title='bbox 1768 1965 1948 1997; x_wconf 81' lang='lat' dir='ltr'>canonicos</span> <span class='ocrx_word' id='word_1_415' title='bbox 1965 1964 2190 2005; x_wconf 69' lang='lat' dir='ltr'>Magalonen„</span> <span class='ocrx_word' id='word_1_416' title='bbox 2207 1963 2247 1996; x_wconf 91' lang='grc' dir='ltr'>Ο.</span> <span class='ocrx_word' id='word_1_417' title='bbox 2262 1963 2296 1996; x_wconf 84' lang='lat' dir='ltr'>S.</span> <span class='ocrx_word' id='word_1_418' title='bbox 2310 1963 2366 2000; x_wconf 76' lang='lat' dir='ltr'>A..</span> 
     </span>
     <span class='ocr_line' id='line_1_55' title="bbox 769 2017 2368 2065; baseline -0.005 -8"><span class='ocrx_word' id='word_1_419' title='bbox 769 2026 877 2058; x_wconf 73' lang='lat' dir='ltr'>solilae</span> <span class='ocrx_word' id='word_1_420' title='bbox 894 2024 983 2065; x_wconf 63' lang='lat' dir='ltr'>gub„</span> <span class='ocrx_word' id='word_1_421' title='bbox 1001 2025 1051 2064; x_wconf 86' lang='lat'>(35</span> <span class='ocrx_word' id='word_1_422' title='bbox 1067 2023 1144 2054; x_wconf 82' lang='lat' dir='ltr'>libr.</span> <span class='ocrx_word' id='word_1_423' title='bbox 1168 2023 1260 2061; x_wconf 61' lang='lat' dir='ltr'>tuin),</span> <span class='ocrx_word' id='word_1_424' title='bbox 1279 2023 1312 2053; x_wconf 83' lang='lat' dir='ltr'>et</span> <span class='ocrx_word' id='word_1_425' title='bbox 1325 2030 1389 2061; x_wconf 60' lang='lat' dir='ltr'>&gt;per</span> <span class='ocrx_word' id='word_1_426' title='bbox 1411 2021 1492 2052; x_wconf 79' lang='lat' dir='ltr'>obit.</span> <span class='ocrx_word' id='word_1_427' title='bbox 1514 2020 1682 2052; x_wconf 87' lang='lat' dir='ltr'>Guidonis</span> <span class='ocrx_word' id='word_1_428' title='bbox 1699 2019 1739 2050; x_wconf 92' lang='lat' dir='ltr'>de</span> <span class='ocrx_word' id='word_1_429' title='bbox 1758 2019 1961 2058; x_wconf 85' lang='lat' dir='ltr'>Mandagoto</span> <span class='ocrx_word' id='word_1_430' title='bbox 1979 2017 2295 2058; x_wconf 64' lang='lat' dir='ltr'>camMagalonen„</span> <span class='ocrx_word' id='word_1_431' title='bbox 2313 2024 2368 2058; x_wconf 77' lang='lat' dir='ltr'>ap.</span> 
     </span>
     <span class='ocr_line' id='line_1_56' title="bbox 768 2069 2371 2114; baseline -0.006 -3"><span class='ocrx_word' id='word_1_432' title='bbox 768 2080 800 2111; x_wconf 89' lang='lat' dir='ltr'>S.</span> <span class='ocrx_word' id='word_1_433' title='bbox 826 2076 869 2110; x_wconf 71' lang='grc' dir='ltr'>Αἱ</span> <span class='ocrx_word' id='word_1_434' title='bbox 890 2077 1050 2114; x_wconf 78' lang='lat' dir='ltr'>defuncti,</span> <span class='ocrx_word' id='word_1_435' title='bbox 1078 2085 1163 2114; x_wconf 63' lang='lat' dir='ltr'>vac„</span> <span class='ocrx_word' id='word_1_436' title='bbox 1190 2075 1319 2107; x_wconf 83' lang='lat' dir='ltr'>consid.</span> <span class='ocrx_word' id='word_1_437' title='bbox 1342 2074 1506 2106; x_wconf 75' lang='lat' dir='ltr'>moxdicti</span> <span class='ocrx_word' id='word_1_438' title='bbox 1530 2073 1720 2105; x_wconf 87' lang='lat' dir='ltr'>Guillelmi.</span> <span class='ocrx_word' id='word_1_439' title='bbox 1746 2089 1785 2095; x_wconf 91' lang='lat'><em>—</em></span> <span class='ocrx_word' id='word_1_440' title='bbox 1805 2072 1832 2103; x_wconf 91' lang='grc' dir='ltr'>Ι.</span> <span class='ocrx_word' id='word_1_441' title='bbox 1853 2080 1884 2103; x_wconf 91' lang='lat' dir='ltr'>e.</span> <span class='ocrx_word' id='word_1_442' title='bbox 1902 2080 1947 2103; x_wconf 90' lang='lat' dir='ltr'>m.</span> <span class='ocrx_word' id='word_1_443' title='bbox 1967 2079 2072 2111; x_wconf 84' lang='lat' dir='ltr'>praep.</span> <span class='ocrx_word' id='word_1_444' title='bbox 2089 2069 2319 2108; x_wconf 68' lang='lat' dir='ltr'>Ebredunen„</span> <span class='ocrx_word' id='word_1_445' title='bbox 2336 2070 2371 2102; x_wconf 78' lang='lat' dir='ltr'>et</span> 
     </span>
     <span class='ocr_line' id='line_1_57' title="bbox 767 2122 2368 2168; baseline -0.006 -4"><span class='ocrx_word' id='word_1_446' title='bbox 767 2132 889 2164; x_wconf 86' lang='lat' dir='ltr'>Joanni</span> <span class='ocrx_word' id='word_1_447' title='bbox 913 2132 953 2163; x_wconf 89' lang='lat' dir='ltr'>de</span> <span class='ocrx_word' id='word_1_448' title='bbox 979 2130 1204 2166; x_wconf 81' lang='lat' dir='ltr'>Montelauro,</span> <span class='ocrx_word' id='word_1_449' title='bbox 1228 2126 1453 2168; x_wconf 62' lang='lat' dir='ltr'>Magalonen„</span> <span class='ocrx_word' id='word_1_450' title='bbox 1477 2135 1514 2158; x_wconf 87' lang='lat' dir='ltr'>ac</span> <span class='ocrx_word' id='word_1_451' title='bbox 1542 2127 1644 2158; x_wconf 84' lang='lat' dir='ltr'>Petro</span> <span class='ocrx_word' id='word_1_452' title='bbox 1669 2126 1711 2157; x_wconf 87' lang='lat' dir='ltr'>de</span> <span class='ocrx_word' id='word_1_453' title='bbox 1737 2124 1933 2162; x_wconf 86' lang='lat' dir='ltr'>Vidilhano,</span> <span class='ocrx_word' id='word_1_454' title='bbox 1958 2124 2167 2156; x_wconf 78' lang='lat' dir='ltr'>Nem-ausen.</span> <span class='ocrx_word' id='word_1_455' title='bbox 2190 2131 2264 2155; x_wconf 89' lang='lat' dir='ltr'>can.</span> <span class='ocrx_word' id='word_1_456' title='bbox 2287 2122 2368 2155; x_wconf 77' lang='lat' dir='ltr'>eccl.</span> 
     </span>
     <span class='ocr_line' id='line_1_58' title="bbox 770 2180 1350 2224; baseline -0.01 -8"><span class='ocrx_word' id='word_1_457' title='bbox 770 2186 821 2224; x_wconf 85' lang='grc' dir='ltr'>(Α.</span> <span class='ocrx_word' id='word_1_458' title='bbox 841 2187 888 2222; x_wconf 81' lang='grc'>14,</span> <span class='ocrx_word' id='word_1_459' title='bbox 907 2184 929 2216; x_wconf 86' lang='lat' dir='ltr'>f.</span> <span class='ocrx_word' id='word_1_460' title='bbox 946 2185 1005 2215; x_wconf 84' lang='grc'>235</span> <span class='ocrx_word' id='word_1_461' title='bbox 1021 2183 1050 2221; x_wconf 70' lang='grc'>1&gt;;</span> <span class='ocrx_word' id='word_1_462' title='bbox 1075 2182 1107 2213; x_wconf 90' lang='lat' dir='ltr'>V.</span> <span class='ocrx_word' id='word_1_463' title='bbox 1127 2184 1177 2220; x_wconf 86' lang='grc'>71,</span> <span class='ocrx_word' id='word_1_464' title='bbox 1194 2191 1247 2222; x_wconf 86' lang='lat' dir='ltr'>ep.</span> <span class='ocrx_word' id='word_1_465' title='bbox 1265 2180 1350 2220; x_wconf 91' lang='grc'><strong>414.)</strong></span> 
     </span>
    </p>
   </div>
   <div class='ocr_carea' id='block_1_18' title="bbox 815 2227 2421 2276">
    <p class='ocr_par' dir='ltr' id='par_1_26' title="bbox 815 2227 2421 2276">
     <span class='ocr_line' id='line_1_59' title="bbox 815 2227 2421 2276; baseline -0.006 -8"><span class='ocrx_word' id='word_1_466' title='bbox 815 2235 951 2268; x_wconf 86' lang='grc'><strong>13008.</strong></span> <span class='ocrx_word' id='word_1_467' title='bbox 978 2256 1015 2260; x_wconf 83' lang='grc'><strong>-</strong></span> <span class='ocrx_word' id='word_1_468' title='bbox 1034 2236 1155 2268; x_wconf 80' lang='lat' dir='ltr'>collat.</span> <span class='ocrx_word' id='word_1_469' title='bbox 1173 2235 1307 2276; x_wconf 85' lang='lat' dir='ltr'>paroch.</span> <span class='ocrx_word' id='word_1_470' title='bbox 1326 2234 1406 2266; x_wconf 89' lang='lat' dir='ltr'>eccl.</span> <span class='ocrx_word' id='word_1_471' title='bbox 1421 2233 1461 2265; x_wconf 86' lang='lat' dir='ltr'>de</span> <span class='ocrx_word' id='word_1_472' title='bbox 1473 2233 1663 2264; x_wconf 76' lang='lat' dir='ltr'>Barenione</span> <span class='ocrx_word' id='word_1_473' title='bbox 1682 2231 1718 2262; x_wconf 90' lang='lat' dir='ltr'>in</span> <span class='ocrx_word' id='word_1_474' title='bbox 1739 2231 1904 2263; x_wconf 84' lang='lat' dir='ltr'>decanatu</span> <span class='ocrx_word' id='word_1_475' title='bbox 1919 2230 1960 2262; x_wconf 88' lang='lat' dir='ltr'>de</span> <span class='ocrx_word' id='word_1_476' title='bbox 1976 2230 2122 2262; x_wconf 85' lang='lat' dir='ltr'>Bertone</span> <span class='ocrx_word' id='word_1_477' title='bbox 2137 2227 2368 2267; x_wconf 75' lang='lat' dir='ltr'>consistentis,</span> <span class='ocrx_word' id='word_1_478' title='bbox 2417 2263 2421 2265; x_wconf 13' lang='grc' dir='ltr'><strong>λ</strong></span> 
     </span>
    </p>
   </div>
   <div class='ocr_carea' id='block_1_19' title="bbox 767 2275 2374 3022">
    <p class='ocr_par' dir='ltr' id='par_1_27' title="bbox 767 2275 2374 2546">
     <span class='ocr_line' id='line_1_60' title="bbox 768 2275 2374 2330; baseline -0.006 -7"><span class='ocrx_word' id='word_1_479' title='bbox 768 2292 877 2323; x_wconf 86' lang='lat' dir='ltr'>Elien.</span> <span class='ocrx_word' id='word_1_480' title='bbox 897 2291 956 2326; x_wconf 75' lang='lat' dir='ltr'>di..</span> <span class='ocrx_word' id='word_1_481' title='bbox 976 2299 1036 2330; x_wconf 85' lang='lat' dir='ltr'>per</span> <span class='ocrx_word' id='word_1_482' title='bbox 1054 2289 1291 2320; x_wconf 83' lang='lat' dir='ltr'>dimissionem</span> <span class='ocrx_word' id='word_1_483' title='bbox 1315 2297 1333 2318; x_wconf 89' lang='lat' dir='ltr'>a</span> <span class='ocrx_word' id='word_1_484' title='bbox 1352 2287 1481 2319; x_wconf 89' lang='lat' dir='ltr'>Thoma</span> <span class='ocrx_word' id='word_1_485' title='bbox 1499 2286 1539 2317; x_wconf 87' lang='lat' dir='ltr'>de</span> <span class='ocrx_word' id='word_1_486' title='bbox 1565 2284 1782 2317; x_wconf 82' lang='lat' dir='ltr'>Cantabrisia</span> <span class='ocrx_word' id='word_1_487' title='bbox 1793 2285 1891 2324; x_wconf 80' lang='lat' dir='ltr'><strong>Juxta</strong></span> <span class='ocrx_word' id='word_1_488' title='bbox 1905 2284 2058 2315; x_wconf 85' lang='lat' dir='ltr'>tenorem</span> <span class='ocrx_word' id='word_1_489' title='bbox 2074 2282 2248 2314; x_wconf 66' lang='lat' dir='ltr'>constitut.</span> <span class='ocrx_word' id='word_1_490' title='bbox 2267 2275 2374 2322; x_wconf 77' lang='lat' dir='ltr'>super‘</span> 
     </span>
     <span class='ocr_line' id='line_1_61' title="bbox 768 2333 2371 2385; baseline -0.007 -9"><span class='ocrx_word' id='word_1_491' title='bbox 768 2345 892 2385; x_wconf 86' lang='lat' dir='ltr'>plural.</span> <span class='ocrx_word' id='word_1_492' title='bbox 911 2343 1022 2375; x_wconf 83' lang='lat' dir='ltr'>benef.</span> <span class='ocrx_word' id='word_1_493' title='bbox 1044 2351 1152 2383; x_wconf 82' lang='lat' dir='ltr'>nuper</span> <span class='ocrx_word' id='word_1_494' title='bbox 1169 2342 1265 2373; x_wconf 78' lang='lat' dir='ltr'>editae</span> <span class='ocrx_word' id='word_1_495' title='bbox 1290 2341 1413 2372; x_wconf 85' lang='lat' dir='ltr'>factam</span> <span class='ocrx_word' id='word_1_496' title='bbox 1431 2348 1517 2378; x_wconf 64' lang='lat' dir='ltr'>vac„</span> <span class='ocrx_word' id='word_1_497' title='bbox 1542 2338 1636 2369; x_wconf 80' lang='lat' dir='ltr'>Petro</span> <span class='ocrx_word' id='word_1_498' title='bbox 1659 2348 1683 2368; x_wconf 80' lang='lat' dir='ltr'>s.</span> <span class='ocrx_word' id='word_1_499' title='bbox 1709 2337 1862 2378; x_wconf 78' lang='lat' dir='ltr'>Stephani</span> <span class='ocrx_word' id='word_1_500' title='bbox 1877 2336 1910 2367; x_wconf 78' lang='lat' dir='ltr'>in</span> <span class='ocrx_word' id='word_1_501' title='bbox 1927 2335 2126 2373; x_wconf 77' lang='lat' dir='ltr'>Coeliomonte</span> <span class='ocrx_word' id='word_1_502' title='bbox 2145 2333 2248 2377; x_wconf 71' lang='lat' dir='ltr'>presb.</span> <span class='ocrx_word' id='word_1_503' title='bbox 2271 2333 2371 2372; x_wconf 66' lang='lat' dir='ltr'>card„</span> 
     </span>
     <span class='ocr_line' id='line_1_62' title="bbox 767 2387 2368 2434; baseline -0.007 -5"><span class='ocrx_word' id='word_1_504' title='bbox 767 2398 803 2429; x_wconf 89' lang='lat' dir='ltr'>S.</span> <span class='ocrx_word' id='word_1_505' title='bbox 824 2398 861 2430; x_wconf 79' lang='lat' dir='ltr'>R.</span> <span class='ocrx_word' id='word_1_506' title='bbox 879 2398 920 2429; x_wconf 85' lang='grc' dir='ltr'>Ε.</span> <span class='ocrx_word' id='word_1_507' title='bbox 939 2395 1200 2432; x_wconf 82' lang='lat' dir='ltr'>vicecancellario,</span> <span class='ocrx_word' id='word_1_508' title='bbox 1218 2403 1295 2426; x_wconf 88' lang='lat' dir='ltr'>cum</span> <span class='ocrx_word' id='word_1_509' title='bbox 1319 2392 1574 2434; x_wconf 81' lang='lat' dir='ltr'>dispensatione</span> <span class='ocrx_word' id='word_1_510' title='bbox 1597 2400 1700 2432; x_wconf 87' lang='lat' dir='ltr'>super</span> <span class='ocrx_word' id='word_1_511' title='bbox 1719 2389 2039 2431; x_wconf 81' lang='lat' dir='ltr'>incompatibilitate</span> <span class='ocrx_word' id='word_1_512' title='bbox 2055 2388 2180 2430; x_wconf 84' lang='lat' dir='ltr'>plural.</span> <span class='ocrx_word' id='word_1_513' title='bbox 2196 2387 2308 2420; x_wconf 80' lang='lat' dir='ltr'>benef.</span> <span class='ocrx_word' id='word_1_514' title='bbox 2327 2405 2368 2411; x_wconf 94' lang='lat'>—</span> 
     </span>
     <span class='ocr_line' id='line_1_63' title="bbox 768 2438 2371 2490; baseline -0.007 -7"><span class='ocrx_word' id='word_1_515' title='bbox 768 2453 795 2483; x_wconf 91' lang='lat' dir='ltr'>I.</span> <span class='ocrx_word' id='word_1_516' title='bbox 816 2461 845 2483; x_wconf 88' lang='lat' dir='ltr'>e.</span> <span class='ocrx_word' id='word_1_517' title='bbox 867 2460 912 2482; x_wconf 89' lang='lat' dir='ltr'>m.</span> <span class='ocrx_word' id='word_1_518' title='bbox 934 2459 1009 2490; x_wconf 87' lang='lat' dir='ltr'>ep.o</span> <span class='ocrx_word' id='word_1_519' title='bbox 1031 2451 1206 2484; x_wconf 84' lang='lat' dir='ltr'>Vasaten.,</span> <span class='ocrx_word' id='word_1_520' title='bbox 1223 2449 1256 2479; x_wconf 87' lang='lat' dir='ltr'>et</span> <span class='ocrx_word' id='word_1_521' title='bbox 1275 2447 1350 2479; x_wconf 88' lang='lat' dir='ltr'>abb.</span> <span class='ocrx_word' id='word_1_522' title='bbox 1373 2447 1517 2478; x_wconf 83' lang='lat' dir='ltr'>monast.</span> <span class='ocrx_word' id='word_1_523' title='bbox 1543 2446 1583 2476; x_wconf 88' lang='lat' dir='ltr'>de</span> <span class='ocrx_word' id='word_1_524' title='bbox 1598 2453 1625 2476; x_wconf 84' lang='lat' dir='ltr'>s.</span> <span class='ocrx_word' id='word_1_525' title='bbox 1643 2444 1776 2476; x_wconf 87' lang='lat' dir='ltr'>Albano</span> <span class='ocrx_word' id='word_1_526' title='bbox 1781 2467 1841 2474; x_wconf 88' lang='grc'><strong>.....</strong></span> <span class='ocrx_word' id='word_1_527' title='bbox 1862 2443 1923 2480; x_wconf 84' lang='grc' dir='ltr'>ᾱί.,</span> <span class='ocrx_word' id='word_1_528' title='bbox 1940 2451 1978 2474; x_wconf 84' lang='lat' dir='ltr'>ac</span> <span class='ocrx_word' id='word_1_529' title='bbox 2001 2442 2126 2474; x_wconf 84' lang='lat' dir='ltr'>decano</span> <span class='ocrx_word' id='word_1_530' title='bbox 2139 2438 2231 2473; x_wconf 84' lang='lat' dir='ltr'>eccl.</span> <span class='ocrx_word' id='word_1_531' title='bbox 2251 2449 2281 2472; x_wconf 74' lang='lat' dir='ltr'>s.</span> <span class='ocrx_word' id='word_1_532' title='bbox 2298 2441 2371 2474; x_wconf 82' lang='lat' dir='ltr'>Ste-</span> 
     </span>
     <span class='ocr_line' id='line_1_64' title="bbox 768 2497 1949 2546; baseline -0.008 -10"><span class='ocrx_word' id='word_1_533' title='bbox 768 2505 868 2546; x_wconf 90' lang='lat' dir='ltr'>phani</span> <span class='ocrx_word' id='word_1_534' title='bbox 885 2505 925 2535; x_wconf 83' lang='lat' dir='ltr'>de</span> <span class='ocrx_word' id='word_1_535' title='bbox 939 2504 1090 2535; x_wconf 83' lang='lat' dir='ltr'>Tescone</span> <span class='ocrx_word' id='word_1_536' title='bbox 1106 2501 1346 2533; x_wconf 83' lang='lat' dir='ltr'>Montisalban.</span> <span class='ocrx_word' id='word_1_537' title='bbox 1365 2499 1418 2539; x_wconf 73' lang='lat' dir='ltr'>(A.</span> <span class='ocrx_word' id='word_1_538' title='bbox 1436 2502 1484 2538; x_wconf 85' lang='grc'>14,</span> <span class='ocrx_word' id='word_1_539' title='bbox 1500 2499 1522 2530; x_wconf 85' lang='lat' dir='ltr'>f.</span> <span class='ocrx_word' id='word_1_540' title='bbox 1540 2500 1599 2530; x_wconf 84' lang='grc'>277</span> <span class='ocrx_word' id='word_1_541' title='bbox 1615 2503 1648 2536; x_wconf 81' lang='lat'>⁸3</span> <span class='ocrx_word' id='word_1_542' title='bbox 1671 2497 1704 2528; x_wconf 93' lang='lat' dir='ltr'>V.</span> <span class='ocrx_word' id='word_1_543' title='bbox 1722 2499 1772 2534; x_wconf 93' lang='grc'>71,</span> <span class='ocrx_word' id='word_1_544' title='bbox 1791 2505 1845 2537; x_wconf 84' lang='lat' dir='ltr'>ep.</span> <span class='ocrx_word' id='word_1_545' title='bbox 1861 2497 1949 2536; x_wconf 86' lang='grc'><strong>428.)</strong></span> 
     </span>
    </p>

    <p class='ocr_par' dir='ltr' id='par_1_28' title="bbox 768 2547 2371 2705">
     <span class='ocr_line' id='line_1_65' title="bbox 815 2547 2370 2596; baseline -0.006 -9"><span class='ocrx_word' id='word_1_546' title='bbox 815 2555 950 2587; x_wconf 81' lang='grc'><strong>13000.</strong></span> <span class='ocrx_word' id='word_1_547' title='bbox 974 2576 1012 2580; x_wconf 94' lang='grc'><strong>-</strong></span> <span class='ocrx_word' id='word_1_548' title='bbox 1038 2555 1113 2586; x_wconf 83' lang='lat' dir='ltr'>Eid.</span> <span class='ocrx_word' id='word_1_549' title='bbox 1131 2564 1226 2596; x_wconf 88' lang='lat' dir='ltr'>prov.</span> <span class='ocrx_word' id='word_1_550' title='bbox 1246 2563 1363 2586; x_wconf 89' lang='lat' dir='ltr'>canon.</span> <span class='ocrx_word' id='word_1_551' title='bbox 1382 2554 1414 2585; x_wconf 83' lang='lat' dir='ltr'>et</span> <span class='ocrx_word' id='word_1_552' title='bbox 1433 2552 1537 2593; x_wconf 84' lang='lat' dir='ltr'>praeb.</span> <span class='ocrx_word' id='word_1_553' title='bbox 1564 2551 1744 2583; x_wconf 87' lang='lat' dir='ltr'>archidiac.</span> <span class='ocrx_word' id='word_1_554' title='bbox 1768 2549 1849 2582; x_wconf 88' lang='lat' dir='ltr'>eccl.</span> <span class='ocrx_word' id='word_1_555' title='bbox 1874 2548 2076 2582; x_wconf 87' lang='lat' dir='ltr'>Ulixbonen.</span> <span class='ocrx_word' id='word_1_556' title='bbox 2097 2557 2158 2589; x_wconf 89' lang='lat' dir='ltr'>per</span> <span class='ocrx_word' id='word_1_557' title='bbox 2182 2547 2370 2579; x_wconf 80' lang='lat' dir='ltr'>consecrat.</span> 
     </span>
     <span class='ocr_line' id='line_1_66' title="bbox 768 2599 2371 2651; baseline -0.007 -8"><span class='ocrx_word' id='word_1_558' title='bbox 768 2612 910 2643; x_wconf 84' lang='lat' dir='ltr'>Joannis</span> <span class='ocrx_word' id='word_1_559' title='bbox 932 2611 998 2651; x_wconf 89' lang='lat' dir='ltr'>ep.i</span> <span class='ocrx_word' id='word_1_560' title='bbox 1021 2610 1173 2641; x_wconf 84' lang='lat' dir='ltr'>Toletan.</span> <span class='ocrx_word' id='word_1_561' title='bbox 1197 2617 1282 2644; x_wconf 61' lang='lat' dir='ltr'>vac„</span> <span class='ocrx_word' id='word_1_562' title='bbox 1301 2615 1377 2639; x_wconf 89' lang='lat' dir='ltr'>cum</span> <span class='ocrx_word' id='word_1_563' title='bbox 1394 2605 1648 2646; x_wconf 83' lang='lat' dir='ltr'>dispensatione</span> <span class='ocrx_word' id='word_1_564' title='bbox 1664 2605 1701 2635; x_wconf 86' lang='lat' dir='ltr'>ut</span> <span class='ocrx_word' id='word_1_565' title='bbox 1718 2612 1745 2635; x_wconf 91' lang='lat' dir='ltr'>s.</span> <span class='ocrx_word' id='word_1_566' title='bbox 1766 2621 1805 2626; x_wconf 97' lang='lat'><strong>—</strong></span> <span class='ocrx_word' id='word_1_567' title='bbox 1819 2603 1847 2634; x_wconf 89' lang='grc' dir='ltr'>Ι.</span> <span class='ocrx_word' id='word_1_568' title='bbox 1864 2611 1893 2634; x_wconf 88' lang='lat' dir='ltr'>e.</span> <span class='ocrx_word' id='word_1_569' title='bbox 1917 2611 1963 2634; x_wconf 92' lang='lat' dir='ltr'>m.</span> <span class='ocrx_word' id='word_1_570' title='bbox 1985 2602 2146 2635; x_wconf 86' lang='lat' dir='ltr'>Vasaten.</span> <span class='ocrx_word' id='word_1_571' title='bbox 2163 2602 2196 2633; x_wconf 82' lang='lat' dir='ltr'>et</span> <span class='ocrx_word' id='word_1_572' title='bbox 2211 2599 2371 2632; x_wconf 86' lang='lat' dir='ltr'>Elboren.</span> 
     </span>
     <span class='ocr_line' id='line_1_67' title="bbox 769 2657 1850 2705; baseline -0.009 -9"><span class='ocrx_word' id='word_1_573' title='bbox 769 2665 867 2705; x_wconf 59' lang='lat' dir='ltr'>epis,</span> <span class='ocrx_word' id='word_1_574' title='bbox 886 2673 923 2696; x_wconf 89' lang='lat' dir='ltr'>ac</span> <span class='ocrx_word' id='word_1_575' title='bbox 940 2665 1065 2695; x_wconf 87' lang='lat' dir='ltr'>decano</span> <span class='ocrx_word' id='word_1_576' title='bbox 1083 2662 1255 2702; x_wconf 57' lang='lat' dir='ltr'>praedicto.</span> <span class='ocrx_word' id='word_1_577' title='bbox 1274 2661 1326 2701; x_wconf 82' lang='lat' dir='ltr'>(A.</span> <span class='ocrx_word' id='word_1_578' title='bbox 1347 2662 1395 2695; x_wconf 89' lang='grc'>14,</span> <span class='ocrx_word' id='word_1_579' title='bbox 1412 2659 1436 2691; x_wconf 84' lang='lat' dir='ltr'>f.</span> <span class='ocrx_word' id='word_1_580' title='bbox 1453 2659 1513 2690; x_wconf 86' lang='grc'><strong>240</strong></span> <span class='ocrx_word' id='word_1_581' title='bbox 1525 2663 1554 2695; x_wconf 74' lang='lat'>⁸3</span> <span class='ocrx_word' id='word_1_582' title='bbox 1578 2657 1610 2688; x_wconf 93' lang='lat' dir='ltr'>V.</span> <span class='ocrx_word' id='word_1_583' title='bbox 1630 2659 1680 2695; x_wconf 90' lang='lat'>71,</span> <span class='ocrx_word' id='word_1_584' title='bbox 1697 2666 1749 2697; x_wconf 89' lang='lat' dir='ltr'>ep.</span> <span class='ocrx_word' id='word_1_585' title='bbox 1763 2657 1850 2696; x_wconf 86' lang='grc'><strong>429.)</strong></span> 
     </span>
    </p>

    <p class='ocr_par' dir='ltr' id='par_1_29' title="bbox 769 2705 2372 3022">
     <span class='ocr_line' id='line_1_68' title="bbox 815 2705 2366 2752; baseline -0.006 -5"><span class='ocrx_word' id='word_1_586' title='bbox 815 2715 950 2747; x_wconf 81' lang='lat'>13010.</span> <span class='ocrx_word' id='word_1_587' title='bbox 971 2736 1008 2740; x_wconf 93' lang='lat'>—</span> <span class='ocrx_word' id='word_1_588' title='bbox 1028 2716 1160 2747; x_wconf 81' lang='lat' dir='ltr'>Andreae</span> <span class='ocrx_word' id='word_1_589' title='bbox 1188 2713 1333 2746; x_wconf 75' lang='lat' dir='ltr'>Ventiani</span> <span class='ocrx_word' id='word_1_590' title='bbox 1355 2712 1392 2744; x_wconf 83' lang='lat' dir='ltr'>de</span> <span class='ocrx_word' id='word_1_591' title='bbox 1414 2710 1561 2743; x_wconf 62' lang='lat' dir='ltr'>Antia-ulo</span> <span class='ocrx_word' id='word_1_592' title='bbox 1579 2720 1674 2752; x_wconf 85' lang='lat' dir='ltr'>prov.</span> <span class='ocrx_word' id='word_1_593' title='bbox 1694 2718 1812 2742; x_wconf 86' lang='lat' dir='ltr'>canon.</span> <span class='ocrx_word' id='word_1_594' title='bbox 1831 2708 1911 2741; x_wconf 85' lang='lat' dir='ltr'>eccl.</span> <span class='ocrx_word' id='word_1_595' title='bbox 1930 2709 2050 2741; x_wconf 86' lang='lat' dir='ltr'>Soran.</span> <span class='ocrx_word' id='word_1_596' title='bbox 2067 2706 2131 2739; x_wconf 87' lang='lat' dir='ltr'>Sub</span> <span class='ocrx_word' id='word_1_597' title='bbox 2148 2715 2244 2747; x_wconf 66' lang='lat' dir='ltr'>exsp.</span> <span class='ocrx_word' id='word_1_598' title='bbox 2262 2705 2366 2747; x_wconf 85' lang='lat' dir='ltr'>praeb.</span> 
     </span>
     <span class='ocr_line' id='line_1_69' title="bbox 769 2758 2372 2802; baseline -0.008 1"><span class='ocrx_word' id='word_1_599' title='bbox 769 2771 804 2801; x_wconf 85' lang='lat' dir='ltr'>in</span> <span class='ocrx_word' id='word_1_600' title='bbox 820 2771 893 2802; x_wconf 86' lang='lat' dir='ltr'>ead.</span> <span class='ocrx_word' id='word_1_601' title='bbox 912 2770 992 2802; x_wconf 88' lang='lat' dir='ltr'>eccl.</span> <span class='ocrx_word' id='word_1_602' title='bbox 1009 2779 1046 2801; x_wconf 85' lang='lat' dir='ltr'>ac</span> <span class='ocrx_word' id='word_1_603' title='bbox 1061 2768 1172 2800; x_wconf 81' lang='lat' dir='ltr'>benef.</span> <span class='ocrx_word' id='word_1_604' title='bbox 1190 2777 1217 2799; x_wconf 89' lang='lat' dir='ltr'>c.</span> <span class='ocrx_word' id='word_1_605' title='bbox 1236 2766 1264 2798; x_wconf 80' lang='grc' dir='ltr'>ὀ.</span> <span class='ocrx_word' id='word_1_606' title='bbox 1286 2766 1340 2798; x_wconf 89' lang='lat' dir='ltr'>vel</span> <span class='ocrx_word' id='word_1_607' title='bbox 1356 2775 1382 2798; x_wconf 90' lang='lat' dir='ltr'>s.</span> <span class='ocrx_word' id='word_1_608' title='bbox 1399 2775 1427 2797; x_wconf 89' lang='lat' dir='ltr'>c.</span> <span class='ocrx_word' id='word_1_609' title='bbox 1447 2766 1481 2796; x_wconf 90' lang='lat' dir='ltr'>in</span> <span class='ocrx_word' id='word_1_610' title='bbox 1495 2764 1587 2796; x_wconf 85' lang='lat' dir='ltr'>civit.</span> <span class='ocrx_word' id='word_1_611' title='bbox 1606 2764 1660 2796; x_wconf 78' lang='lat' dir='ltr'>vel</span> <span class='ocrx_word' id='word_1_612' title='bbox 1679 2763 1724 2794; x_wconf 91' lang='lat' dir='ltr'>di.</span> <span class='ocrx_word' id='word_1_613' title='bbox 1743 2764 1875 2800; x_wconf 67' lang='lat' dir='ltr'>sorau„</span> <span class='ocrx_word' id='word_1_614' title='bbox 1893 2761 2017 2802; x_wconf 85' lang='lat' dir='ltr'>pertin.</span> <span class='ocrx_word' id='word_1_615' title='bbox 2037 2761 2078 2792; x_wconf 89' lang='lat' dir='ltr'>ad</span> <span class='ocrx_word' id='word_1_616' title='bbox 2096 2760 2165 2800; x_wconf 89' lang='lat' dir='ltr'>ep.i</span> <span class='ocrx_word' id='word_1_617' title='bbox 2179 2759 2299 2792; x_wconf 88' lang='lat' dir='ltr'>Soran.</span> <span class='ocrx_word' id='word_1_618' title='bbox 2316 2758 2372 2791; x_wconf 82' lang='lat' dir='ltr'>vel</span> 
     </span>
     <span class='ocr_line' id='line_1_70' title="bbox 770 2811 2371 2864; baseline -0.007 -10"><span class='ocrx_word' id='word_1_619' title='bbox 770 2823 1010 2864; x_wconf 87' lang='lat' dir='ltr'>cujuscumque</span> <span class='ocrx_word' id='word_1_620' title='bbox 1026 2823 1158 2859; x_wconf 87' lang='lat' dir='ltr'>collat.;</span> <span class='ocrx_word' id='word_1_621' title='bbox 1183 2830 1248 2852; x_wconf 91' lang='lat' dir='ltr'>non</span> <span class='ocrx_word' id='word_1_622' title='bbox 1274 2819 1362 2851; x_wconf 83' lang='lat' dir='ltr'>obst.</span> <span class='ocrx_word' id='word_1_623' title='bbox 1379 2819 1539 2851; x_wconf 79' lang='lat' dir='ltr'>clericatu</span> <span class='ocrx_word' id='word_1_624' title='bbox 1556 2818 1591 2848; x_wconf 90' lang='lat' dir='ltr'>in</span> <span class='ocrx_word' id='word_1_625' title='bbox 1610 2817 1690 2848; x_wconf 81' lang='lat' dir='ltr'>eccl.</span> <span class='ocrx_word' id='word_1_626' title='bbox 1715 2817 1754 2849; x_wconf 88' lang='lat' dir='ltr'>B.</span> <span class='ocrx_word' id='word_1_627' title='bbox 1771 2816 1817 2848; x_wconf 92' lang='lat' dir='ltr'>M.</span> <span class='ocrx_word' id='word_1_628' title='bbox 1837 2816 1878 2847; x_wconf 86' lang='lat' dir='ltr'>de</span> <span class='ocrx_word' id='word_1_629' title='bbox 1895 2814 2069 2852; x_wconf 84' lang='lat' dir='ltr'>Anticulo,</span> <span class='ocrx_word' id='word_1_630' title='bbox 2083 2812 2252 2854; x_wconf 85' lang='lat' dir='ltr'>Anagnin.</span> <span class='ocrx_word' id='word_1_631' title='bbox 2267 2811 2314 2844; x_wconf 87' lang='lat' dir='ltr'>di.</span> <span class='ocrx_word' id='word_1_632' title='bbox 2331 2829 2371 2836; x_wconf 92' lang='lat'>—</span> 
     </span>
     <span class='ocr_line' id='line_1_71' title="bbox 769 2865 2368 2917; baseline -0.008 -9"><span class='ocrx_word' id='word_1_633' title='bbox 769 2877 795 2908; x_wconf 92' lang='lat' dir='ltr'>I.</span> <span class='ocrx_word' id='word_1_634' title='bbox 810 2885 838 2908; x_wconf 87' lang='lat' dir='ltr'>e.</span> <span class='ocrx_word' id='word_1_635' title='bbox 856 2886 900 2907; x_wconf 86' lang='lat' dir='ltr'>m.</span> <span class='ocrx_word' id='word_1_636' title='bbox 916 2886 1003 2917; x_wconf 86' lang='lat' dir='ltr'>mag.</span> <span class='ocrx_word' id='word_1_637' title='bbox 1016 2876 1138 2908; x_wconf 88' lang='lat' dir='ltr'>Joanni</span> <span class='ocrx_word' id='word_1_638' title='bbox 1150 2875 1190 2906; x_wconf 85' lang='lat' dir='ltr'>de</span> <span class='ocrx_word' id='word_1_639' title='bbox 1204 2873 1354 2910; x_wconf 85' lang='lat' dir='ltr'>Verulis,</span> <span class='ocrx_word' id='word_1_640' title='bbox 1368 2881 1439 2904; x_wconf 88' lang='lat' dir='ltr'>can.</span> <span class='ocrx_word' id='word_1_641' title='bbox 1450 2871 1601 2903; x_wconf 72' lang='lat' dir='ltr'>basilicae</span> <span class='ocrx_word' id='word_1_642' title='bbox 1614 2870 1781 2911; x_wconf 86' lang='lat' dir='ltr'>principis</span> <span class='ocrx_word' id='word_1_643' title='bbox 1790 2868 2020 2909; x_wconf 79' lang='lat' dir='ltr'>apostolorum</span> <span class='ocrx_word' id='word_1_644' title='bbox 2033 2867 2074 2898; x_wconf 86' lang='lat' dir='ltr'>de</span> <span class='ocrx_word' id='word_1_645' title='bbox 2086 2865 2189 2903; x_wconf 85' lang='lat' dir='ltr'>Urbe,</span> <span class='ocrx_word' id='word_1_646' title='bbox 2201 2865 2267 2897; x_wconf 91' lang='grc' dir='ltr'>ΡΡ.</span> <span class='ocrx_word' id='word_1_647' title='bbox 2283 2866 2368 2904; x_wconf 65' lang='lat' dir='ltr'>not„</span> 
     </span>
     <span class='ocr_line' id='line_1_72' title="bbox 771 2918 2367 2966; baseline -0.007 -6"><span class='ocrx_word' id='word_1_648' title='bbox 771 2931 803 2960; x_wconf 87' lang='lat' dir='ltr'>et</span> <span class='ocrx_word' id='word_1_649' title='bbox 818 2929 893 2960; x_wconf 88' lang='lat' dir='ltr'>abb.</span> <span class='ocrx_word' id='word_1_650' title='bbox 919 2929 1031 2960; x_wconf 86' lang='lat' dir='ltr'>saecul.</span> <span class='ocrx_word' id='word_1_651' title='bbox 1052 2938 1080 2960; x_wconf 95' lang='lat' dir='ltr'>s.</span> <span class='ocrx_word' id='word_1_652' title='bbox 1096 2928 1208 2965; x_wconf 81' lang='lat' dir='ltr'>Pauli,</span> <span class='ocrx_word' id='word_1_653' title='bbox 1226 2936 1263 2958; x_wconf 85' lang='lat' dir='ltr'>ac</span> <span class='ocrx_word' id='word_1_654' title='bbox 1278 2926 1432 2958; x_wconf 84' lang='lat' dir='ltr'>Roffrido</span> <span class='ocrx_word' id='word_1_655' title='bbox 1455 2924 1665 2966; x_wconf 82' lang='lat' dir='ltr'>Uguitionis,</span> <span class='ocrx_word' id='word_1_656' title='bbox 1683 2932 1755 2954; x_wconf 90' lang='lat' dir='ltr'>can.</span> <span class='ocrx_word' id='word_1_657' title='bbox 1775 2922 1939 2955; x_wconf 83' lang='lat' dir='ltr'>Verulan.</span> <span class='ocrx_word' id='word_1_658' title='bbox 1961 2920 2041 2953; x_wconf 84' lang='lat' dir='ltr'>eccl.</span> <span class='ocrx_word' id='word_1_659' title='bbox 2062 2920 2118 2961; x_wconf 81' lang='lat' dir='ltr'>(A.</span> <span class='ocrx_word' id='word_1_660' title='bbox 2141 2921 2190 2958; x_wconf 78' lang='lat'>¹4,</span> <span class='ocrx_word' id='word_1_661' title='bbox 2214 2918 2238 2951; x_wconf 85' lang='lat' dir='ltr'>f.</span> <span class='ocrx_word' id='word_1_662' title='bbox 2259 2920 2319 2951; x_wconf 85' lang='grc'><strong>243</strong></span> <span class='ocrx_word' id='word_1_663' title='bbox 2333 2918 2367 2956; x_wconf 78' lang='lat'>¹²3</span> 
     </span>
     <span class='ocr_line' id='line_1_73' title="bbox 775 2981 1046 3022; baseline -0.011 -8"><span class='ocrx_word' id='word_1_664' title='bbox 775 2982 811 3014; x_wconf 89' lang='lat' dir='ltr'>V.</span> <span class='ocrx_word' id='word_1_665' title='bbox 826 2984 876 3020; x_wconf 83' lang='lat'>71,</span> <span class='ocrx_word' id='word_1_666' title='bbox 892 2991 943 3022; x_wconf 89' lang='lat' dir='ltr'>ep.</span> <span class='ocrx_word' id='word_1_667' title='bbox 959 2981 1046 3022; x_wconf 84' lang='grc'><strong>445.)</strong></span> 
     </span>
    </p>
   </div>
  </div>
 </body>
</html>
