2626 3568
368 338 388 371 6

402 429 506 456 Datum
523 421 709 456 Avenione.

370 530 406 557 Η
425 531 472 566 (111
491 530 543 566 id.)
562 533 632 566 sept.
649 529 739 557 4319.

512 958 548 985 Ut
566 966 589 985 s.

480 1003 511 1030 T.
527 1003 620 1030 XXIV.

512 1171 550 1199 Ut
565 1180 589 1200 s.

496 1216 527 1243 T.
545 1216 602 1243 XX.

510 1333 547 1361 Ut
568 1341 594 1361 S.

378 1439 417 1467 12
434 1440 470 1476 (11
485 1439 538 1476 id.)
552 1443 621 1476 sept.
637 1440 726 1468 1319.

508 1709 546 1737 Ut
564 1717 588 1737 s.

507 2245 544 2273 Ut
563 2254 586 2273 8.

506 2513 543 2541 Ut
559 2522 583 2540 s.

490 2558 521 2585 T.
543 2558 600 2585 XII.

510 2620 546 2647 Ut
563 2628 588 2647 s.

452 2664 483 2691 T.
500 2664 546 2696 xl,
565 2663 637 2691 XIII.

508 2886 544 2914 Ut
564 2895 587 2914 s.

770 335 944 367 JOANNIS
967 335 1086 366 PAPAE
1108 335 1210 366 XXII.
1234 336 1486 377 (1316-1334).
1509 353 1548 359 -—
1570 336 1756 368 LITTERAE
1778 336 2005 369 COMMUNES

842 524 977 556 10334.
1005 545 1043 550 -
1069 527 1202 558 Andreae
1232 527 1357 558 Tinacio
1381 527 1418 558 de
1449 526 1566 558 Verulis
1588 536 1683 568 prov.
1709 536 1827 560 canon.
1845 528 1927 560 0001.
1942 529 2203 562 Wratislavien.
2222 529 2287 562 sub
2302 538 2400 571 exsp.

795 580 914 620 praeb.‚
936 580 1066 612 consid.
1089 581 1276 612 Wladislai
1294 581 1391 612 ducis
1411 580 1574 618 Poloniae,
1591 581 1749 621 quamvis
1766 589 1839 613 can.
1858 581 2005 614 Tranen.
2023 583 2058 614 et
2074 583 2185 615 rector
2202 592 2230 615 s.
2249 583 2344 616 Petri
2361 584 2403 616 de

795 634 1046 671 Montessorum,
1068 635 1219 666 Firman.
1238 634 1299 672 di.,
1321 634 1402 666 0001.
1422 634 1560 671 existat,
1578 636 1613 666 et
1636 634 1670 666 in
1687 634 1761 666 ead.
1789 634 1870 666 eccl.
1893 635 2039 667 Tranen.
2057 636 2228 676 quoddam
2252 637 2402 678 simplex

795 687 905 719 benef.
925 687 1087 724 obtineat,
1107 697 1144 719 ac
1162 688 1290 719 dudum
1306 688 1347 719 de
1363 688 1470 719 rurali
1483 687 1564 720 eccl.
1579 687 1613 720 S.
1630 688 1675 720 M.
1700 688 1741 719 de
1757 688 1901 724 Finano‚
1914 697 2020 728 prope
2035 688 2196 728 Verulae,
2210 690 2308 732 quus
2322 699 2403 731 pos·

795 741 985 773 sessionem
1001 741 1151 773 nondum
1171 741 1330 780 obtinuit,
1347 742 1435 773 auct.
1454 743 1562 782 apost.
1581 741 1626 773 sit
1638 741 1810 782 provisus.
1824 758 1863 764 —
1878 741 1904 773 Ι.
1925 749 1956 773 0.
1971 750 2017 773 m.
2031 750 2108 782 ep.o
2121 742 2401 781 wladislavien„

795 795 830 826 et
847 794 1024 827 Leonardo
1042 795 1083 827 de
1099 795 1270 828 Guarcino
1287 795 1437 827 thesaur.
1454 795 1656 836 Lingonen„
1674 795 1775 836 Papae
1791 797 1873 830 not..
1887 803 1925 826 ac
1937 794 2091 827 Gabrieli
2106 795 2148 828 de
2163 795 2333 829 Fabriano
2347 805 2400 829 ar-

795 848 901 888 chipr.
927 849 968 880 de
997 857 1027 880 s.
1052 849 1276 889 Archangelo,
1297 849 1502 881 Avinionen.
1525 849 1570 881 di.
1597 848 1676 890 (lege
1695 848 1916 889 Ariminen),
1943 848 2039 886 eccl„
2056 848 2159 890 Papae
2179 858 2253 890 cap.
2277 850 2330 892 (A.
2349 852 2401 890 13,

794 901 818 934 f.
837 903 892 939 103
916 902 952 934 V.
972 903 1021 940 70,
1038 911 1091 943 ep.
1108 904 1163 935 ⁴9·
1182 902 1340 940 Theiner,
1357 907 1391 933 ut
1406 913 1446 940 3.,
1462 911 1495 942 p.
1519 904 1591 940 154,
1610 902 1683 934 doc.
1702 902 1846 943 ccxmv.)

840 953 975 986 10335.
994 973 1032 979 -
1048 955 1215 987 Gerwardo
1233 965 1304 997 ep.o
1323 955 1555 988 Wladislavien.
1571 956 1673 988 facul.
1695 964 1856 988 concessa
1879 956 2075 988 conferendi
2093 964 2248 996 personae
2262 956 2330 997 ipsi
2346 956 2402 989 be-

794 1010 920 1041 nevisae
939 1009 1074 1049 paroch.
1096 1010 1176 1041 eccl.
1203 1009 1238 1041 S.
1264 1010 1310 1041 Μ.
1334 1009 1547 1048 0100ον100..
1573 1018 1634 1049 per
1667 1010 1934 1050 acceptationem
1961 1018 1980 1041 a
1994 1009 2187 1042 Naucherio
2205 1010 2403 1043 Jumiranni

794 1063 918 1094 factam
934 1063 974 1094 de
991 1063 1155 1094 decanatu
1170 1063 1252 1094 0001.
1267 1063 1479 1100 Cracovien.,
1496 1063 1565 1103 ipsi
1582 1071 1643 1103 per
1657 1063 1856 1095 Pontificem
1873 1063 2008 1101 collato,
2026 1072 2098 1096 vac.
2115 1063 2171 1104 (A.
2189 1065 2240 1102 13,
2257 1063 2281 1095 f.
2297 1063 2401 1103 2821»,

800 1116 833 1148 V.
852 1118 901 1153 70,
921 1125 975 1156 ep.
993 1118 1068 1153 573;
1086 1116 1243 1153 Theiner,
1262 1120 1295 1146 ut
1312 1125 1350 1153 s.,
1370 1125 1404 1155 p.
1427 1117 1496 1154 153,
1513 1116 1587 1148 doc.
1604 1115 1796 1156 ccxxxvm.)

841 1167 975 1199 10336.
994 1187 1034 1193 -
1051 1169 1196 1205 lichene,
1215 1175 1288 1200 nato
1303 1179 1335 1200 n.
1353 1179 1382 1200 υ.
1398 1169 1527 1201 Henrici
1539 1169 1576 1200 de
1590 1169 1772 1211 Spiqurnel,
1788 1169 1974 1210 justiciarii
1985 1169 2137 1202 Eduardj
2153 1170 2244 1211 regis
2255 1170 2400 1212 Angliae,

793 1224 875 1255 cler.
898 1224 1113 1257 Linoolnien.
1128 1224 1190 1262 di„
1206 1223 1357 1263 dispens.
1377 1232 1481 1264 super
1497 1223 1632 1255 defectu
1647 1224 1759 1255 aetatis
1784 1223 1832 1263 (21
1854 1223 1923 1263 an.)
1938 1224 1986 1255 ita
1999 1225 2036 1255 ut
2049 1223 2176 1260 benef..
2191 1224 2296 1256 etiam
2311 1233 2341 1256 c.
2357 1233 2400 1261 c.‚

793 1278 943 1317 recipere
959 1279 1080 1317 possit.
1099 1278 1151 1316 (A.
1169 1279 1219 1314 13,
1238 1277 1261 1308 f.
1280 1278 1336 1309 501
1355 1277 1391 1314 ¹³3
1414 1277 1450 1308 V.
1469 1279 1520 1315 70,
1537 1286 1589 1318 ep.
1611 1278 1714 1318 1085.)

839 1328 974 1360 10337.
992 1348 1030 1354 -
1052 1330 1220 1363 Gerwardo
1241 1341 1311 1372 ep.o
1334 1330 1576 1362 Wladislawien.
1591 1331 1695 1363 facul.
1711 1331 1918 1362 concedendi
1933 1330 2178 1362 tabellionatus
2194 1331 2251 1363 ofl'.
2267 1341 2300 1363 vx
2317 1331 2400 1364 cler.

793 1393 859 1416 non
877 1385 1080 1425 conjugatis,
1099 1385 1244 1416 idoneis.
1263 1384 1317 1424 (V.
1338 1386 1389 1420 70,
1410 1394 1462 1425 ep.
1483 1386 1564 1417 1612
1577 1384 1627 1424 C.)

839 1436 974 1467 10338.
995 1457 1034 1462 -
1060 1438 1176 1469 loanni
1199 1438 1281 1469 dicto
1307 1437 1471 1469 Neumiart
1494 1447 1591 1478 prov.
1618 1447 1738 1470 canon.
1766 1438 1830 1469 sub
1855 1447 1952 1478 exsp.
1969 1437 2073 1478 praeb.
2092 1437 2174 1470 eccl.
2195 1446 2223 1469 s.
2239 1437 2402 1479 Dionysii

792 1493 966 1529 Leodien.,
985 1492 1124 1524 obtentu
1139 1501 1174 1524 n.
1190 1501 1235 1523 m.
1252 1492 1420 1524 Beatricis
1433 1492 1618 1524 comitissae
1630 1491 1913 1532 Lucemburgen.,
1928 1491 2025 1533 cujus
2037 1493 2110 1523 erat
2121 1500 2194 1532 cap.
2205 1501 2215 1528 ;
2227 1499 2297 1524 non
2311 1491 2400 1524 obst.

793 1555 887 1586 perp.
905 1546 1034 1577 vicaria
1048 1546 1129 1578 eccl.
1148 1546 1189 1577 de
1204 1547 1333 1578 Avroto
1351 1547 1448 1578 extra
1462 1554 1582 1577 muros
1594 1542 1762 1578 ⁴Leodien.
1787 1554 1814 1578 c.
1842 1554 1871 1577 c.
1895 1563 1934 1568 —-
1951 1545 1979 1577 Ι.
1996 1553 2026 1577 0.
2044 1554 2091 1577 m.
2112 1544 2189 1577 abb.
2208 1545 2354 1577 monast.
2371 1553 2402 1577 s.

792 1600 812 1631 J
815 1600 923 1637 acobi‚
939 1601 972 1631 et
987 1600 1114 1631 decano
1125 1601 1164 1640 sss.
1179 1600 1324 1631 Joannis
1340 1609 1378 1631 00
1391 1599 1519 1631 archid.
1537 1599 1578 1631 de
1593 1599 1754 1631 Ardenna
1767 1599 1910 1639 majoris
1925 1599 2006 1631 0001.
2018 1598 2178 1631 Leodien.
2189 1598 2246 1640 (A.
2261 1600 2313 1638 13,
2327 1597 2352 1630 f.
2363 1599 2400 1636 23

799 1653 832 1684 V.
850 1655 901 1689 70,
917 1662 969 1693 ep.
987 1654 1032 1692 4.)

840 1704 975 1736 10339.
996 1725 1034 1729 -—
1046 1707 1124 1738 Abb.
1146 1711 1275 1738 monast.
1292 1706 1329 1737 de
1349 1717 1374 1738 s.
1395 1706 1513 1738 Gilleno
1529 1706 1738 1743 Camerzwen„
1756 1711 1784 1737 et
1801 1705 1915 1737 decano
1936 1715 1971 1736 ac
1990 1715 2090 1748 praep.
2111 1705 2308 1738 cameracen.
2327 1704 2400 1737 ecel.

792 1761 906 1792 mand.
925 1763 962 1792 ut
982 1770 1017 1792 se
1034 1761 1220 1792 informent
1237 1761 1278 1792 de
1299 1761 1415 1792 valore
1433 1761 1555 1792 domus
1571 1761 1612 1792 de
1640 1760 1812 1792 Belloloco
1829 1769 1904 1800 quae
1930 1759 1995 1792 fuit
2021 1759 2147 1800 quond.
2175 1759 2249 1791 ord.
2267 1758 2403 1791 militia

792 1815 938 1854 Templi,
957 1816 990 1846 et
1008 1816 1177 1846 terrarum
1199 1823 1237 1846 ac
1251 1815 1429 1854 pratorum
1446 1823 1520 1854 quae
1538 1823 1571 1845 n.
1589 1823 1634 1845 m.
1652 1814 1792 1845 Beatrix
1814 1813 1991 1845 comitissa
2005 1813 2275 1854 Lucemburgen.
2293 1811 2400 1853 appli-

792 1868 861 1899 cari
879 1877 914 1899 se
929 1868 1090 1908 proponit
1106 1868 1315 1899 monasterio
1333 1868 1373 1899 de
1399 1868 1612 1899 Bellomonte
1631 1868 1667 1898 in
1682 1867 1768 1898 villa
1783 1868 1824 1898 de
1842 1867 2047 1899 Valencenis
2062 1867 2280 1898 Cameracen.
2302 1865 2363 1904 di„
2381 1874 2402 1898 a

791 1922 916 1961 quond.
932 1922 1081 1953 Henrico
1097 1923 1329 1953 Romanorum
1343 1922 1549 1961 imperatore
1565 1921 1636 1952 filio
1653 1930 1714 1952 suo
1727 1921 1884 1952 fundato:
1899 1920 2085 1952 informent
2097 1929 2134 1951 se
2147 1920 2252 1952 etiam
2265 1920 2307 1951 (10
2321 1927 2398 1961 pos-

791 1975 1006 2006 sessionibus
1023 1984 1108 2015 quas
1127 1975 1217 2006 dicta
1236 1975 1413 2006 comitissa
1428 1975 1463 2005 in
1481 1974 1832 2014 recompensationem
1848 1975 1970 2006 domus
1988 1976 2022 2006 et
2037 1975 2209 2006 terrarum
2225 1973 2401 2014 praedicta-

790 2038 866 2060 rum
889 2028 1052 2068 hospitali
1069 2037 1097 2059 s.
1116 2029 1260 2059 Joannis
1277 2028 1560 2064 Jerosolimitani‚
1579 2028 1622 2059 ad
1637 2028 1728 2068 quod
1740 2028 1830 2059 dicta
1847 2028 1969 2059 domus
1985 2027 2144 2068 pertinet,
2159 2028 2212 2059 est
2225 2026 2400 2067 assignare

790 2084 910 2122 parata
922 2092 928 2119 ;
942 2085 975 2113 et
992 2082 1021 2113 si
1037 2082 1171 2122 cognito
1185 2082 1300 2113 valore
1316 2082 1588 2121 recompensatio
1600 2081 1776 2113 sufficiens
1787 2081 1971 2117 videbitur,
1984 2081 2093 2112 dictas
2108 2081 2231 2112 domus
2241 2081 2276 2112 et
2289 2082 2401 2113 terras

790 2137 857 2167 eid.
880 2137 1027 2167 monast.
1053 2136 1237 2175 applicent.
1255 2135 1308 2175 (V.
1327 2137 1378 2171 70,
1397 2144 1449 2175 ep.
1467 2138 1503 2171 6;
1523 2135 1722 2173 Sauerland,
1744 2134 1891 2166 Urkunde
1912 2134 1976 2166 und
1990 2135 2139 2175 Reyesten
2154 2144 2210 2165 zur
2223 2133 2402 2166 Geschiclate

789 2189 844 2220 der
861 2189 1064 2227 Bheinlande,
1086 2191 1110 2220 t.
1129 2190 1155 2226 Ι,
1174 2198 1207 2229 p.
1224 2191 1295 2227 255,
1316 2199 1348 2220 n.
1366 2191 1451 2227 536.)

837 2241 972 2272 10340.
992 2261 1028 2265 -
1045 2243 1178 2283 Indulg.
1196 2253 1211 2274 0
1232 2243 1366 2274 dierum
1383 2242 1604 2274 visitantibus
1628 2242 1708 2274 eccl.
1736 2242 1938 2274 monialium
1955 2243 2102 2274 monast.
2124 2242 2166 2274 de
2187 2241 2400 2274 Bellomonte

790 2298 854 2328 sub
870 2307 951 2329 cura
963 2298 1002 2328 F.
1020 2297 1059 2329 O.
1076 2297 1114 2328 P.
1131 2297 1331 2334 viventium,
1343 2297 1446 2328 sitiin
1455 2297 1538 2327 villa
1555 2297 1595 2328 de
1609 2296 1825 2334 Valencenis,
1843 2297 2059 2328 cameracen.
2078 2295 2138 2333 di.‚
2156 2295 2193 2326 in
2207 2294 2399 2327 festivitati·

789 2351 853 2382 bus
878 2360 906 2382 s.
930 2351 1073 2382 Joannis
1100 2351 1275 2390 Baptistae,
1299 2359 1327 2381 s.
1352 2351 1495 2381 Joannis
1516 2350 1755 2390 Evangelistae,
1780 2359 1808 2381 s.
1829 2349 1967 2381 Jacobis
1983 2349 2123 2390 Majoris
2138 2350 2172 2380 et
2187 2349 2227 2380 B.
2243 2348 2288 2380 Μ.
2308 2348 2399 2389 Mag-

790 2405 918 2436 dalenae
945 2405 981 2436 in
996 2413 1142 2445 quorum
1157 2405 1374 2436 veneratione
1391 2404 1513 2435 altaria
1530 2404 1564 2435 in
1584 2405 1659 2444 ipso
1676 2405 1821 2435 monast.
1846 2405 1925 2436 sunt
1943 2405 2055 2435 erecta
2073 2404 2106 2434 et
2120 2403 2155 2433 in
2173 2402 2401 2434 festivitatum

790 2459 944 2498 ipsarum
963 2458 1093 2490 octabis
1109 2468 1147 2489 XL
1167 2458 1311 2490 dierum.
1330 2458 1383 2498 (A.
1405 2460 1454 2495 13,
1475 2458 1499 2488 f.
1518 2459 1575 2494 893
1601 2457 1633 2489 V.
1651 2459 1701 2495 70,
1720 2465 1772 2497 ep.
1791 2457 1836 2496 7.)

837 2509 972 2541 10341.
990 2528 1027 2534 -
1042 2511 1084 2542 Ν.
1100 2522 1140 2543 m.
1161 2512 1302 2543 Beati-ici
1318 2512 1477 2542 comitissa>
1505 2511 1742 2552 Lucemburqen.
1764 2510 1888 2542 indult.
1909 2509 2074 2542 celebrari
2092 2509 2239 2541 faciendi
2257 2509 2295 2540 in
2314 2508 2400 2541 locis

791 2565 971 2597 interdicto
989 2566 1188 2605 suppositis.
1205 2566 1256 2606 (A.
1276 2567 1325 2601 13,
1347 2565 1370 2596 f.
1394 2566 1450 2602 893
1475 2565 1510 2596 V.
1531 2567 1579 2602 70,
1598 2574 1650 2605 ep.
1668 2566 1713 2604 8.)

838 2616 973 2648 10342.
991 2637 1030 2641 -
1048 2619 1272 2660 Christopkoro
1285 2619 1397 2650 Sabini
1413 2618 1449 2650 de
1461 2618 1596 2660 Neapoli
1606 2619 1720 2650 collat.
1732 2627 1850 2650 canon.
1868 2618 1949 2649 eccl.
1966 2617 2129 2658 Capuan„
2150 2617 2186 2648 in
2205 2625 2273 2658 qua
2286 2617 2400 2648 oertus

791 2682 863 2705 can.
882 2681 1045 2704 numerus
1062 2674 1095 2704 et
1112 2673 1214 2713 praeb.
1233 2673 1408 2704 distinctio
1425 2682 1491 2704 000
1510 2673 1689 2708 habentur,
1706 2671 1770 2703 sub
1787 2681 1884 2712 exsp.
1900 2671 2014 2703 benef.
2030 2672 2084 2712 (30
2093 2680 2170 2702 000.
2185 2670 2285 2711 auri),
2303 2670 2340 2702 in
2354 2669 2400 2702 ci·

790 2726 852 2759 vit.
868 2727 922 2758 vel
938 2727 997 2763 di„
1016 2728 1072 2758 aut
1089 2726 1264 2766 provincia
1281 2727 1431 2766 Capuan.
1442 2736 1451 2763 ;
1469 2727 1598 2758 consid.
1613 2726 1742 2757 Sanciae
1758 2726 1883 2766 reginae
1897 2725 2034 2757 Siciliae.
2051 2743 2090 2748 ——
2105 2725 2132 2756 I.
2150 2733 2179 2756 0.
2206 2733 2253 2756 m.
2283 2723 2401 2756 Arela-

790 2782 858 2812 ten.
888 2782 921 2812 et
939 2780 1157 2820 Neapolitan.
1174 2780 1368 2820 archiepis,
1388 2789 1425 2811 ac
1445 2780 1521 2811 abb.
1541 2781 1686 2810 monast.
1706 2787 1734 2809 s.
1754 2779 1910 2810 Severini
1925 2778 2142 2819 Neapolitan.
2166 2777 2219 2818 (A.
2235 2779 2286 2815 13,
2299 2778 2323 2809 f.
2341 2777 2398 2812 90:

797 2834 830 2864 V.
854 2836 902 2871 70,
921 2843 974 2874 ep.
993 2834 1056 2873 14.)

838 2885 973 2917 10343.
991 2906 1030 2911 -
1053 2887 1249 2919 Translatio
1275 2887 1452 2928 Raymundi
1469 2888 1536 2927 ep.i
1558 2887 1749 2918 Massilien.
1769 2887 1811 2918 ad
1835 2886 2165 2927 archiepiscopatum
2181 2885 2397 2918 Ebredunen.

792 2950 852 2981 per
870 2942 952 2973 obit.
984 2950 1037 2981 ap.
1057 2941 1090 2973 S.
1114 2941 1156 2972 A.
1174 2941 1317 2972 Joannis
1342 2950 1413 2973 vac.
1442 2958 1481 2964 ——
1502 2941 1528 2972 Ι.
1548 2949 1577 2972 e.
1603 2949 1647 2971 m.
1667 2941 1769 2980 capit.
1790 2940 2017 2977 Ebredunen.‚
2041 2939 2167 2980 populo
2182 2939 2275 2970 civit.
2298 2939 2331 2970 et
2349 2939 2396 2970 di.

793 2995 1021 3032 Ebredunen.,
1043 2995 1137 3026 univ.
1153 2994 1313 3026 vassallis
1335 2994 1416 3026 eccl.
1434 2994 1648 3026 Ebredunen.
1665 2994 1718 3035 (A.
1738 2995 1787 3032 13,
1806 2993 1829 3026 f.
1849 2995 1888 3026 96
1895 3003 1904 3031 3
1929 2993 1962 3025 V.
1979 2994 2029 3032 70,
2049 3001 2102 3033 ep.
2122 2993 2188 3031 51.)
