<?xml version="1.0" encoding="UTF-8"?>
<!DOCTYPE html PUBLIC "-//W3C//DTD XHTML 1.0 Transitional//EN"
    "http://www.w3.org/TR/xhtml1/DTD/xhtml1-transitional.dtd">
<html xmlns="http://www.w3.org/1999/xhtml" xml:lang="en" lang="en">
 <head>
  <title>
</title>
<meta http-equiv="Content-Type" content="text/html;charset=utf-8" />
  <meta name='ocr-system' content='tesseract 3.04.00' />
  <meta name='ocr-capabilities' content='ocr_page ocr_carea ocr_par ocr_line ocrx_word'/>
</head>
<body>
  <div class='ocr_page' id='page_1' title='image "./lettrescommunes03romeuoft_0195.png"; bbox 0 0 2566 3562; ppageno 0'>
   <div class='ocr_carea' id='block_1_1' title="bbox 0 0 171 3562">
    <p class='ocr_par' dir='ltr' id='par_1_1' title="bbox 0 0 171 3562">
     <span class='ocr_line' id='line_1_1' title="bbox 0 0 171 3562; baseline 0 0"><span class='ocrx_word' id='word_1_1' title='bbox 0 0 171 3562; x_wconf 95' lang='lat' dir='ltr'> </span> 
     </span>
    </p>
   </div>
   <div class='ocr_carea' id='block_1_2' title="bbox 247 400 553 434">
    <p class='ocr_par' dir='ltr' id='par_1_2' title="bbox 247 400 553 434">
     <span class='ocr_line' id='line_1_2' title="bbox 247 400 553 434; baseline 0 -1"><span class='ocrx_word' id='word_1_2' title='bbox 247 406 350 433; x_wconf 75' lang='lat' dir='ltr'>Datum</span> <span class='ocrx_word' id='word_1_3' title='bbox 369 400 553 434; x_wconf 76' lang='lat' dir='ltr'>Avenione.</span> 
     </span>
    </p>
   </div>
   <div class='ocr_carea' id='block_1_3' title="bbox 279 826 520 906">
    <p class='ocr_par' dir='ltr' id='par_1_3' title="bbox 279 826 520 906">
     <span class='ocr_line' id='line_1_3' title="bbox 287 826 516 862; baseline -0.004 -8"><span class='ocrx_word' id='word_1_4' title='bbox 287 826 323 854; x_wconf 72' lang='lat'>45</span> <span class='ocrx_word' id='word_1_5' title='bbox 339 830 410 862; x_wconf 81' lang='lat' dir='ltr'>sept.</span> <span class='ocrx_word' id='word_1_6' title='bbox 427 826 516 855; x_wconf 74' lang='lat'>¹320.</span> 
     </span>
     <span class='ocr_line' id='line_1_4' title="bbox 279 870 520 906; baseline 0.004 -9"><span class='ocrx_word' id='word_1_7' title='bbox 279 872 356 906; x_wconf 86' lang='lat' dir='ltr'>(xvu</span> <span class='ocrx_word' id='word_1_8' title='bbox 371 871 431 898; x_wconf 80' lang='lat' dir='ltr'>kal.</span> <span class='ocrx_word' id='word_1_9' title='bbox 451 870 520 903; x_wconf 83' lang='lat' dir='ltr'>oct.)</span> 
     </span>
    </p>
   </div>
   <div class='ocr_carea' id='block_1_4' title="bbox 248 915 549 950">
    <p class='ocr_par' dir='ltr' id='par_1_4' title="bbox 248 915 549 950">
     <span class='ocr_line' id='line_1_5' title="bbox 248 915 549 950; baseline 0 -8"><span class='ocrx_word' id='word_1_10' title='bbox 248 915 295 942; x_wconf 89' lang='lat' dir='ltr'>Gr.</span> <span class='ocrx_word' id='word_1_11' title='bbox 311 923 363 950; x_wconf 90' lang='lat' dir='ltr'>pro</span> <span class='ocrx_word' id='word_1_12' title='bbox 376 923 454 950; x_wconf 83' lang='lat' dir='ltr'>pers.</span> <span class='ocrx_word' id='word_1_13' title='bbox 470 915 549 942; x_wconf 79' lang='lat' dir='ltr'>card.</span> 
     </span>
    </p>
   </div>
   <div class='ocr_carea' id='block_1_5' title="bbox 285 1090 519 1214">
    <p class='ocr_par' dir='ltr' id='par_1_5' title="bbox 285 1090 519 1214">
     <span class='ocr_line' id='line_1_6' title="bbox 285 1090 519 1126; baseline 0 -8"><span class='ocrx_word' id='word_1_14' title='bbox 285 1090 323 1118; x_wconf 72' lang='lat'>16</span> <span class='ocrx_word' id='word_1_15' title='bbox 341 1094 411 1126; x_wconf 85' lang='lat' dir='ltr'><strong><em>sept.</em></strong></span> <span class='ocrx_word' id='word_1_16' title='bbox 431 1090 519 1119; x_wconf 71' lang='lat'>1320.</span> 
     </span>
     <span class='ocr_line' id='line_1_7' title="bbox 285 1135 513 1170; baseline 0.004 -8"><span class='ocrx_word' id='word_1_17' title='bbox 285 1138 349 1170; x_wconf 79' lang='lat' dir='ltr'>(xvr</span> <span class='ocrx_word' id='word_1_18' title='bbox 366 1135 425 1163; x_wconf 82' lang='lat' dir='ltr'>kal.</span> <span class='ocrx_word' id='word_1_19' title='bbox 442 1135 513 1168; x_wconf 90' lang='lat' dir='ltr'>oct.)</span> 
     </span>
     <span class='ocr_line' id='line_1_8' title="bbox 302 1179 498 1214; baseline 0 -8"><span class='ocrx_word' id='word_1_20' title='bbox 302 1179 334 1207; x_wconf 81' lang='grc' dir='ltr'>Τ.</span> <span class='ocrx_word' id='word_1_21' title='bbox 351 1179 412 1214; x_wconf 86' lang='lat' dir='ltr'>xn,</span> <span class='ocrx_word' id='word_1_22' title='bbox 427 1180 498 1207; x_wconf 85' lang='lat' dir='ltr'><strong>xlv.</strong></span> 
     </span>
    </p>
   </div>
   <div class='ocr_carea' id='block_1_6' title="bbox 307 1304 493 1381">
    <p class='ocr_par' dir='ltr' id='par_1_6' title="bbox 307 1304 493 1381">
     <span class='ocr_line' id='line_1_9' title="bbox 359 1304 437 1332; baseline -0.013 0"><span class='ocrx_word' id='word_1_23' title='bbox 359 1304 396 1332; x_wconf 82' lang='lat' dir='ltr'>Ut</span> <span class='ocrx_word' id='word_1_24' title='bbox 413 1312 437 1332; x_wconf 89' lang='lat' dir='ltr'>s.</span> 
     </span>
     <span class='ocr_line' id='line_1_10' title="bbox 307 1348 493 1381; baseline 0.005 -6"><span class='ocrx_word' id='word_1_25' title='bbox 307 1348 339 1376; x_wconf 91' lang='lat' dir='ltr'>T.</span> <span class='ocrx_word' id='word_1_26' title='bbox 358 1348 404 1381; x_wconf 88' lang='lat' dir='ltr'>XI,</span> <span class='ocrx_word' id='word_1_27' title='bbox 422 1348 493 1376; x_wconf 88' lang='lat' dir='ltr'>XIII.</span> 
     </span>
    </p>
   </div>
   <div class='ocr_carea' id='block_1_7' title="bbox 335 1566 456 1641">
    <p class='ocr_par' dir='ltr' id='par_1_7' title="bbox 335 1566 456 1641">
     <span class='ocr_line' id='line_1_11' title="bbox 359 1566 434 1597; baseline 0.013 -1"><span class='ocrx_word' id='word_1_28' title='bbox 359 1566 395 1596; x_wconf 87' lang='lat' dir='ltr'>Ut</span> <span class='ocrx_word' id='word_1_29' title='bbox 410 1577 434 1597; x_wconf 80' lang='lat' dir='ltr'>s.</span> 
     </span>
     <span class='ocr_line' id='line_1_12' title="bbox 335 1613 456 1641; baseline 0.008 -1"><span class='ocrx_word' id='word_1_30' title='bbox 335 1613 366 1641; x_wconf 87' lang='grc' dir='ltr'>Τ.</span> <span class='ocrx_word' id='word_1_31' title='bbox 386 1614 456 1641; x_wconf 83' lang='lat' dir='ltr'>XVI.</span> 
     </span>
    </p>
   </div>
   <div class='ocr_carea' id='block_1_8' title="bbox 357 1729 436 1756">
    <p class='ocr_par' dir='ltr' id='par_1_8' title="bbox 357 1729 436 1756">
     <span class='ocr_line' id='line_1_13' title="bbox 357 1729 436 1756; baseline 0 0"><span class='ocrx_word' id='word_1_32' title='bbox 357 1729 393 1756; x_wconf 87' lang='lat' dir='ltr'>Ut</span> <span class='ocrx_word' id='word_1_33' title='bbox 412 1737 436 1756; x_wconf 88' lang='lat' dir='ltr'>s.</span> 
     </span>
    </p>
   </div>
   <div class='ocr_carea' id='block_1_9' title="bbox 300 1995 488 2074">
    <p class='ocr_par' dir='ltr' id='par_1_9' title="bbox 300 1995 488 2074">
     <span class='ocr_line' id='line_1_14' title="bbox 358 1995 437 2022; baseline 0 0"><span class='ocrx_word' id='word_1_34' title='bbox 358 1995 394 2022; x_wconf 88' lang='lat' dir='ltr'>Ut</span> <span class='ocrx_word' id='word_1_35' title='bbox 414 2003 437 2022; x_wconf 82' lang='lat' dir='ltr'>s.</span> 
     </span>
     <span class='ocr_line' id='line_1_15' title="bbox 300 2038 488 2074; baseline 0.005 -8"><span class='ocrx_word' id='word_1_36' title='bbox 300 2038 331 2066; x_wconf 87' lang='lat' dir='ltr'>T.</span> <span class='ocrx_word' id='word_1_37' title='bbox 348 2039 395 2074; x_wconf 86' lang='lat' dir='ltr'>XI,</span> <span class='ocrx_word' id='word_1_38' title='bbox 415 2039 488 2068; x_wconf 87' lang='lat' dir='ltr'>XIII.</span> 
     </span>
    </p>
   </div>
   <div class='ocr_carea' id='block_1_10' title="bbox 339 2260 447 2333">
    <p class='ocr_par' dir='ltr' id='par_1_10' title="bbox 339 2260 447 2333">
     <span class='ocr_line' id='line_1_16' title="bbox 356 2260 433 2288; baseline -0.013 0"><span class='ocrx_word' id='word_1_39' title='bbox 356 2260 393 2288; x_wconf 83' lang='lat' dir='ltr'>Ut</span> <span class='ocrx_word' id='word_1_40' title='bbox 408 2269 433 2288; x_wconf 80' lang='lat' dir='ltr'>s.</span> 
     </span>
     <span class='ocr_line' id='line_1_17' title="bbox 339 2305 447 2333; baseline 0.009 -1"><span class='ocrx_word' id='word_1_41' title='bbox 339 2305 369 2332; x_wconf 89' lang='lat' dir='ltr'>T.</span> <span class='ocrx_word' id='word_1_42' title='bbox 391 2305 447 2333; x_wconf 85' lang='lat' dir='ltr'>XX.</span> 
     </span>
    </p>
   </div>
   <div class='ocr_carea' id='block_1_11' title="bbox 350 2472 437 2500">
    <p class='ocr_par' dir='ltr' id='par_1_11' title="bbox 350 2472 437 2500">
     <span class='ocr_line' id='line_1_18' title="bbox 350 2472 437 2500; baseline 0 0"><span class='ocrx_word' id='word_1_43' title='bbox 350 2472 387 2500; x_wconf 86' lang='lat' dir='ltr'>Ut</span> <span class='ocrx_word' id='word_1_44' title='bbox 414 2481 437 2500; x_wconf 82' lang='lat' dir='ltr'>s.</span> 
     </span>
    </p>
   </div>
   <div class='ocr_carea' id='block_1_12' title="bbox 359 2685 438 2713">
    <p class='ocr_par' dir='ltr' id='par_1_12' title="bbox 359 2685 438 2713">
     <span class='ocr_line' id='line_1_19' title="bbox 359 2685 438 2713; baseline -0.013 0"><span class='ocrx_word' id='word_1_45' title='bbox 359 2685 394 2713; x_wconf 80' lang='lat' dir='ltr'>Ut</span> <span class='ocrx_word' id='word_1_46' title='bbox 413 2693 438 2713; x_wconf 83' lang='lat' dir='ltr'>s.</span> 
     </span>
    </p>
   </div>
   <div class='ocr_carea' id='block_1_13' title="bbox 302 2843 481 2922">
    <p class='ocr_par' dir='ltr' id='par_1_13' title="bbox 302 2843 481 2922">
     <span class='ocr_line' id='line_1_20' title="bbox 357 2843 432 2871; baseline 0 0"><span class='ocrx_word' id='word_1_47' title='bbox 357 2843 393 2871; x_wconf 87' lang='lat' dir='ltr'>Ut</span> <span class='ocrx_word' id='word_1_48' title='bbox 409 2851 432 2871; x_wconf 85' lang='lat' dir='ltr'>s.</span> 
     </span>
     <span class='ocr_line' id='line_1_21' title="bbox 302 2887 481 2922; baseline 0 -7"><span class='ocrx_word' id='word_1_49' title='bbox 302 2887 332 2915; x_wconf 86' lang='lat' dir='ltr'>T.</span> <span class='ocrx_word' id='word_1_50' title='bbox 346 2888 393 2922; x_wconf 83' lang='lat' dir='ltr'>xl,</span> <span class='ocrx_word' id='word_1_51' title='bbox 408 2888 481 2920; x_wconf 80' lang='lat' dir='ltr'>xlll.</span> 
     </span>
    </p>
   </div>
   <div class='ocr_carea' id='block_1_14' title="bbox 620 316 2238 356">
    <p class='ocr_par' dir='ltr' id='par_1_14' title="bbox 620 316 2238 356">
     <span class='ocr_line' id='line_1_22' title="bbox 620 316 2238 356; baseline 0.001 -9"><span class='ocrx_word' id='word_1_52' title='bbox 620 316 793 348; x_wconf 89' lang='lat' dir='ltr'>JOANNIS</span> <span class='ocrx_word' id='word_1_53' title='bbox 816 317 934 348; x_wconf 85' lang='lat' dir='ltr'>PAPAE</span> <span class='ocrx_word' id='word_1_54' title='bbox 956 318 1059 350; x_wconf 70' lang='lat' dir='ltr'>XXII,</span> <span class='ocrx_word' id='word_1_55' title='bbox 1083 320 1191 356; x_wconf 84' lang='lat'>(1316</span> <span class='ocrx_word' id='word_1_56' title='bbox 1211 320 1330 356; x_wconf 86' lang='lat'>1334).</span> <span class='ocrx_word' id='word_1_57' title='bbox 1351 336 1389 340; x_wconf 92' lang='lat'><em>-</em></span> <span class='ocrx_word' id='word_1_58' title='bbox 1412 317 1598 348; x_wconf 86' lang='lat' dir='ltr'>LITTERAE</span> <span class='ocrx_word' id='word_1_59' title='bbox 1621 317 1845 348; x_wconf 86' lang='lat' dir='ltr'><strong>COMMUNES</strong></span> <span class='ocrx_word' id='word_1_60' title='bbox 2181 320 2238 349; x_wconf 84' lang='grc'>187</span> 
     </span>
    </p>
   </div>
   <div class='ocr_carea' id='block_1_15' title="bbox 634 505 2241 3038">
    <p class='ocr_par' dir='ltr' id='par_1_15' title="bbox 641 505 2237 809">
     <span class='ocr_line' id='line_1_23' title="bbox 641 505 2234 548; baseline 0.002 -12"><span class='ocrx_word' id='word_1_61' title='bbox 641 505 680 536; x_wconf 95' lang='grc' dir='ltr'>Ο.</span> <span class='ocrx_word' id='word_1_62' title='bbox 697 505 730 536; x_wconf 79' lang='lat' dir='ltr'>S.</span> <span class='ocrx_word' id='word_1_63' title='bbox 747 506 798 542; x_wconf 71' lang='lat' dir='ltr'>B..</span> <span class='ocrx_word' id='word_1_64' title='bbox 821 507 1015 536; x_wconf 86' lang='lat' dir='ltr'>consuetam</span> <span class='ocrx_word' id='word_1_65' title='bbox 1036 506 1077 536; x_wconf 91' lang='lat' dir='ltr'>ab</span> <span class='ocrx_word' id='word_1_66' title='bbox 1094 505 1176 536; x_wconf 92' lang='lat' dir='ltr'>olim</span> <span class='ocrx_word' id='word_1_67' title='bbox 1204 505 1318 536; x_wconf 85' lang='lat' dir='ltr'>saecul.</span> <span class='ocrx_word' id='word_1_68' title='bbox 1344 505 1423 537; x_wconf 89' lang='lat' dir='ltr'>cler.</span> <span class='ocrx_word' id='word_1_69' title='bbox 1448 506 1615 545; x_wconf 83' lang='lat' dir='ltr'>assignari</span> <span class='ocrx_word' id='word_1_70' title='bbox 1641 506 1675 536; x_wconf 92' lang='lat' dir='ltr'>in</span> <span class='ocrx_word' id='word_1_71' title='bbox 1693 506 1816 544; x_wconf 84' lang='lat' dir='ltr'>benef.‚</span> <span class='ocrx_word' id='word_1_72' title='bbox 1834 516 1871 537; x_wconf 87' lang='grc'>36</span> <span class='ocrx_word' id='word_1_73' title='bbox 1889 507 2027 538; x_wconf 90' lang='lat' dir='ltr'>domum</span> <span class='ocrx_word' id='word_1_74' title='bbox 2050 507 2090 538; x_wconf 86' lang='lat' dir='ltr'>de</span> <span class='ocrx_word' id='word_1_75' title='bbox 2113 508 2234 548; x_wconf 89' lang='lat' dir='ltr'>Becey,</span> 
     </span>
     <span class='ocr_line' id='line_1_24' title="bbox 642 558 2235 599; baseline 0.003 -11"><span class='ocrx_word' id='word_1_76' title='bbox 642 566 715 597; x_wconf 84' lang='lat' dir='ltr'>quae</span> <span class='ocrx_word' id='word_1_77' title='bbox 740 558 864 597; x_wconf 88' lang='lat' dir='ltr'>quond.</span> <span class='ocrx_word' id='word_1_78' title='bbox 891 559 961 588; x_wconf 90' lang='lat' dir='ltr'>ord.</span> <span class='ocrx_word' id='word_1_79' title='bbox 988 558 1120 590; x_wconf 87' lang='lat' dir='ltr'>militiae</span> <span class='ocrx_word' id='word_1_80' title='bbox 1143 559 1275 598; x_wconf 82' lang='lat' dir='ltr'>Templi</span> <span class='ocrx_word' id='word_1_81' title='bbox 1303 567 1390 589; x_wconf 89' lang='lat' dir='ltr'>nunc</span> <span class='ocrx_word' id='word_1_82' title='bbox 1413 567 1492 589; x_wconf 85' lang='lat' dir='ltr'>vero</span> <span class='ocrx_word' id='word_1_83' title='bbox 1518 560 1646 599; x_wconf 86' lang='lat' dir='ltr'>spectat</span> <span class='ocrx_word' id='word_1_84' title='bbox 1667 559 1709 589; x_wconf 86' lang='lat' dir='ltr'>ad</span> <span class='ocrx_word' id='word_1_85' title='bbox 1733 559 1901 599; x_wconf 86' lang='lat' dir='ltr'>hospitale</span> <span class='ocrx_word' id='word_1_86' title='bbox 1928 569 1956 592; x_wconf 90' lang='lat' dir='ltr'>s.</span> <span class='ocrx_word' id='word_1_87' title='bbox 1978 561 2121 592; x_wconf 86' lang='lat' dir='ltr'>Joannis</span> <span class='ocrx_word' id='word_1_88' title='bbox 2145 563 2235 593; x_wconf 88' lang='lat' dir='ltr'>Jero-</span> 
     </span>
     <span class='ocr_line' id='line_1_25' title="bbox 641 610 2236 654; baseline 0.002 -13"><span class='ocrx_word' id='word_1_89' title='bbox 641 610 841 648; x_wconf 63' lang='lat' dir='ltr'>solimitan„</span> <span class='ocrx_word' id='word_1_90' title='bbox 860 611 922 641; x_wconf 93' lang='lat' dir='ltr'>sub</span> <span class='ocrx_word' id='word_1_91' title='bbox 938 612 1029 642; x_wconf 88' lang='lat' dir='ltr'>certo</span> <span class='ocrx_word' id='word_1_92' title='bbox 1047 620 1147 642; x_wconf 89' lang='lat' dir='ltr'>censu</span> <span class='ocrx_word' id='word_1_93' title='bbox 1167 620 1289 648; x_wconf 91' lang='lat' dir='ltr'>annuo,</span> <span class='ocrx_word' id='word_1_94' title='bbox 1310 611 1476 642; x_wconf 86' lang='lat' dir='ltr'>Viennen.</span> <span class='ocrx_word' id='word_1_95' title='bbox 1505 613 1537 642; x_wconf 88' lang='lat' dir='ltr'>et</span> <span class='ocrx_word' id='word_1_96' title='bbox 1564 611 1757 643; x_wconf 83' lang='lat' dir='ltr'>Gebennen.</span> <span class='ocrx_word' id='word_1_97' title='bbox 1788 613 1847 649; x_wconf 89' lang='lat' dir='ltr'>di.,</span> <span class='ocrx_word' id='word_1_98' title='bbox 1867 613 1996 651; x_wconf 90' lang='lat' dir='ltr'>(omnia</span> <span class='ocrx_word' id='word_1_99' title='bbox 2021 615 2061 646; x_wconf 88' lang='grc'>60</span> <span class='ocrx_word' id='word_1_100' title='bbox 2077 614 2137 644; x_wconf 88' lang='lat' dir='ltr'>lib.</span> <span class='ocrx_word' id='word_1_101' title='bbox 2155 616 2236 654; x_wconf 84' lang='lat' dir='ltr'>tur.)</span> 
     </span>
     <span class='ocr_line' id='line_1_26' title="bbox 641 663 2237 703; baseline 0.003 -8"><span class='ocrx_word' id='word_1_102' title='bbox 641 663 801 700; x_wconf 83' lang='lat' dir='ltr'>obtineat,</span> <span class='ocrx_word' id='word_1_103' title='bbox 819 665 851 694; x_wconf 93' lang='lat' dir='ltr'>et</span> <span class='ocrx_word' id='word_1_104' title='bbox 870 664 904 694; x_wconf 87' lang='lat' dir='ltr'>in</span> <span class='ocrx_word' id='word_1_105' title='bbox 926 664 1006 694; x_wconf 84' lang='lat' dir='ltr'>eccl.</span> <span class='ocrx_word' id='word_1_106' title='bbox 1024 664 1193 703; x_wconf 87' lang='lat' dir='ltr'>Bajocen.‚</span> <span class='ocrx_word' id='word_1_107' title='bbox 1214 664 1272 694; x_wconf 90' lang='lat' dir='ltr'>ubi</span> <span class='ocrx_word' id='word_1_108' title='bbox 1288 664 1418 694; x_wconf 86' lang='lat' dir='ltr'>nullam</span> <span class='ocrx_word' id='word_1_109' title='bbox 1441 663 1543 703; x_wconf 82' lang='lat' dir='ltr'>praeb.</span> <span class='ocrx_word' id='word_1_110' title='bbox 1571 664 1711 702; x_wconf 82' lang='lat' dir='ltr'>obtinet,</span> <span class='ocrx_word' id='word_1_111' title='bbox 1730 674 1801 696; x_wconf 87' lang='lat' dir='ltr'>can.</span> <span class='ocrx_word' id='word_1_112' title='bbox 1824 666 1960 697; x_wconf 81' lang='lat' dir='ltr'>existat.</span> <span class='ocrx_word' id='word_1_113' title='bbox 1977 683 2016 689; x_wconf 94' lang='grc'><strong>-</strong></span> <span class='ocrx_word' id='word_1_114' title='bbox 2030 667 2058 698; x_wconf 91' lang='grc' dir='ltr'>Ι.</span> <span class='ocrx_word' id='word_1_115' title='bbox 2075 676 2103 698; x_wconf 88' lang='grc'>6.</span> <span class='ocrx_word' id='word_1_116' title='bbox 2123 677 2168 698; x_wconf 86' lang='lat' dir='ltr'>m.</span> <span class='ocrx_word' id='word_1_117' title='bbox 2188 668 2237 699; x_wconf 85' lang='lat' dir='ltr'>Si—</span> 
     </span>
     <span class='ocr_line' id='line_1_27' title="bbox 641 716 2236 760; baseline 0.003 -13"><span class='ocrx_word' id='word_1_118' title='bbox 641 717 732 747; x_wconf 88' lang='lat' dir='ltr'>moni</span> <span class='ocrx_word' id='word_1_119' title='bbox 751 716 792 747; x_wconf 87' lang='lat' dir='ltr'>el.</span> <span class='ocrx_word' id='word_1_120' title='bbox 815 716 992 752; x_wconf 89' lang='lat' dir='ltr'>Viennen.,</span> <span class='ocrx_word' id='word_1_121' title='bbox 1009 718 1042 747; x_wconf 88' lang='lat' dir='ltr'>et</span> <span class='ocrx_word' id='word_1_122' title='bbox 1061 716 1166 756; x_wconf 89' lang='lat' dir='ltr'>priori</span> <span class='ocrx_word' id='word_1_123' title='bbox 1184 717 1359 753; x_wconf 87' lang='lat' dir='ltr'>Bellicen.‚</span> <span class='ocrx_word' id='word_1_124' title='bbox 1375 725 1411 747; x_wconf 89' lang='lat' dir='ltr'>ac</span> <span class='ocrx_word' id='word_1_125' title='bbox 1427 717 1551 748; x_wconf 83' lang='lat' dir='ltr'>archid.</span> <span class='ocrx_word' id='word_1_126' title='bbox 1571 717 1736 748; x_wconf 90' lang='lat' dir='ltr'>Viennen.</span> <span class='ocrx_word' id='word_1_127' title='bbox 1758 718 1837 749; x_wconf 87' lang='lat' dir='ltr'>eccl.</span> <span class='ocrx_word' id='word_1_128' title='bbox 1853 719 1904 757; x_wconf 90' lang='lat' dir='ltr'>(A.</span> <span class='ocrx_word' id='word_1_129' title='bbox 1924 721 1973 756; x_wconf 84' lang='lat'>14,</span> <span class='ocrx_word' id='word_1_130' title='bbox 1988 719 2011 750; x_wconf 87' lang='lat' dir='ltr'>f.</span> <span class='ocrx_word' id='word_1_131' title='bbox 2027 721 2066 751; x_wconf 90' lang='grc'>68</span> <span class='ocrx_word' id='word_1_132' title='bbox 2083 726 2113 758; x_wconf 76' lang='lat'>³;</span> <span class='ocrx_word' id='word_1_133' title='bbox 2131 721 2166 752; x_wconf 93' lang='lat' dir='ltr'>V.</span> <span class='ocrx_word' id='word_1_134' title='bbox 2185 723 2236 760; x_wconf 87' lang='grc'>71,</span> 
     </span>
     <span class='ocr_line' id='line_1_28' title="bbox 641 770 777 809; baseline 0 -9"><span class='ocrx_word' id='word_1_135' title='bbox 641 778 694 809; x_wconf 89' lang='lat' dir='ltr'>ep.</span> <span class='ocrx_word' id='word_1_136' title='bbox 710 770 777 809; x_wconf 89' lang='lat'>65.)</span> 
     </span>
    </p>

    <p class='ocr_par' dir='ltr' id='par_1_16' title="bbox 638 819 2238 1074">
     <span class='ocr_line' id='line_1_29' title="bbox 687 819 2235 863; baseline 0.005 -13"><span class='ocrx_word' id='word_1_137' title='bbox 687 819 822 850; x_wconf 77' lang='lat'>12358.</span> <span class='ocrx_word' id='word_1_138' title='bbox 845 841 880 845; x_wconf 94' lang='lat'>—</span> <span class='ocrx_word' id='word_1_139' title='bbox 899 822 1024 853; x_wconf 83' lang='lat' dir='ltr'>Indult.</span> <span class='ocrx_word' id='word_1_140' title='bbox 1041 822 1157 852; x_wconf 71' lang='grc' dir='ltr'>ιΙοαηνιί</span> <span class='ocrx_word' id='word_1_141' title='bbox 1171 832 1195 851; x_wconf 91' lang='lat' dir='ltr'>s.</span> <span class='ocrx_word' id='word_1_142' title='bbox 1225 821 1373 852; x_wconf 80' lang='lat' dir='ltr'>Theodori</span> <span class='ocrx_word' id='word_1_143' title='bbox 1390 821 1470 853; x_wconf 85' lang='lat' dir='ltr'>diac.</span> <span class='ocrx_word' id='word_1_144' title='bbox 1491 822 1575 853; x_wconf 83' lang='lat' dir='ltr'>card.</span> <span class='ocrx_word' id='word_1_145' title='bbox 1593 823 1630 853; x_wconf 90' lang='lat' dir='ltr'>ut</span> <span class='ocrx_word' id='word_1_146' title='bbox 1646 831 1706 861; x_wconf 90' lang='lat' dir='ltr'>per</span> <span class='ocrx_word' id='word_1_147' title='bbox 1723 823 1829 853; x_wconf 91' lang='lat' dir='ltr'>alium</span> <span class='ocrx_word' id='word_1_148' title='bbox 1852 833 1960 863; x_wconf 86' lang='lat' dir='ltr'>usque</span> <span class='ocrx_word' id='word_1_149' title='bbox 1985 826 2026 856; x_wconf 88' lang='lat' dir='ltr'>ad</span> <span class='ocrx_word' id='word_1_150' title='bbox 2049 826 2235 858; x_wconf 82' lang='lat' dir='ltr'>triennium</span> 
     </span>
     <span class='ocr_line' id='line_1_30' title="bbox 640 875 2236 916; baseline 0.003 -11"><span class='ocrx_word' id='word_1_151' title='bbox 640 875 774 906; x_wconf 82' lang='lat' dir='ltr'>visitari</span> <span class='ocrx_word' id='word_1_152' title='bbox 787 875 896 906; x_wconf 87' lang='lat' dir='ltr'>facere</span> <span class='ocrx_word' id='word_1_153' title='bbox 912 875 1020 914; x_wconf 85' lang='lat' dir='ltr'>possit</span> <span class='ocrx_word' id='word_1_154' title='bbox 1036 875 1130 912; x_wconf 62' lang='lat' dir='ltr'>eccl„</span> <span class='ocrx_word' id='word_1_155' title='bbox 1149 876 1309 911; x_wconf 65' lang='lat' dir='ltr'>monast„</span> <span class='ocrx_word' id='word_1_156' title='bbox 1326 875 1498 914; x_wconf 81' lang='lat' dir='ltr'>prioratus</span> <span class='ocrx_word' id='word_1_157' title='bbox 1516 875 1808 906; x_wconf 84' lang='lat' dir='ltr'>archidiaconatus</span> <span class='ocrx_word' id='word_1_158' title='bbox 1825 885 1924 916; x_wconf 87' lang='lat' dir='ltr'>quem</span> <span class='ocrx_word' id='word_1_159' title='bbox 1943 877 1977 908; x_wconf 91' lang='lat' dir='ltr'>in</span> <span class='ocrx_word' id='word_1_160' title='bbox 1995 879 2074 909; x_wconf 87' lang='grc'>6661.</span> <span class='ocrx_word' id='word_1_161' title='bbox 2089 878 2236 910; x_wconf 85' lang='lat' dir='ltr'>Conven-</span> 
     </span>
     <span class='ocr_line' id='line_1_31' title="bbox 639 927 2238 970; baseline 0.003 -12"><span class='ocrx_word' id='word_1_162' title='bbox 639 929 723 959; x_wconf 89' lang='lat' dir='ltr'>tren.</span> <span class='ocrx_word' id='word_1_163' title='bbox 740 927 879 959; x_wconf 86' lang='lat' dir='ltr'>obtinet.</span> <span class='ocrx_word' id='word_1_164' title='bbox 892 945 930 950; x_wconf 91' lang='lat'>——</span> <span class='ocrx_word' id='word_1_165' title='bbox 943 928 968 959; x_wconf 94' lang='lat' dir='ltr'>I.</span> <span class='ocrx_word' id='word_1_166' title='bbox 982 937 1010 959; x_wconf 89' lang='lat' dir='ltr'>e.</span> <span class='ocrx_word' id='word_1_167' title='bbox 1025 936 1112 967; x_wconf 84' lang='lat' dir='ltr'>mag.</span> <span class='ocrx_word' id='word_1_168' title='bbox 1130 928 1319 967; x_wconf 85' lang='lat' dir='ltr'>Napoleoni</span> <span class='ocrx_word' id='word_1_169' title='bbox 1335 927 1375 959; x_wconf 88' lang='lat' dir='ltr'>de</span> <span class='ocrx_word' id='word_1_170' title='bbox 1392 927 1474 958; x_wconf 88' lang='lat' dir='ltr'>filiis</span> <span class='ocrx_word' id='word_1_171' title='bbox 1490 928 1583 965; x_wconf 82' lang='lat' dir='ltr'>Ursi,</span> <span class='ocrx_word' id='word_1_172' title='bbox 1597 928 1664 959; x_wconf 89' lang='grc' dir='ltr'>ΡΡ.</span> <span class='ocrx_word' id='word_1_173' title='bbox 1678 929 1760 966; x_wconf 90' lang='lat' dir='ltr'>not.,</span> <span class='ocrx_word' id='word_1_174' title='bbox 1774 929 1814 959; x_wconf 90' lang='lat' dir='ltr'>de</span> <span class='ocrx_word' id='word_1_175' title='bbox 1826 929 2004 969; x_wconf 89' lang='lat' dir='ltr'>Campinia</span> <span class='ocrx_word' id='word_1_176' title='bbox 2018 931 2191 970; x_wconf 86' lang='lat' dir='ltr'>Leodien.,</span> <span class='ocrx_word' id='word_1_177' title='bbox 2204 934 2238 964; x_wconf 87' lang='lat' dir='ltr'>et</span> 
     </span>
     <span class='ocr_line' id='line_1_32' title="bbox 639 980 2238 1021; baseline 0.003 -10"><span class='ocrx_word' id='word_1_178' title='bbox 639 980 841 1020; x_wconf 89' lang='lat' dir='ltr'>Adenulpho</span> <span class='ocrx_word' id='word_1_179' title='bbox 857 982 897 1011; x_wconf 89' lang='lat' dir='ltr'>de</span> <span class='ocrx_word' id='word_1_180' title='bbox 915 981 1054 1020; x_wconf 86' lang='lat' dir='ltr'>Supino,</span> <span class='ocrx_word' id='word_1_181' title='bbox 1071 981 1191 1012; x_wconf 89' lang='lat' dir='ltr'>Baren.</span> <span class='ocrx_word' id='word_1_182' title='bbox 1211 981 1397 1020; x_wconf 86' lang='lat' dir='ltr'>Lingonen.</span> <span class='ocrx_word' id='word_1_183' title='bbox 1413 980 1585 1018; x_wconf 83' lang='lat' dir='ltr'>archid.is,</span> <span class='ocrx_word' id='word_1_184' title='bbox 1604 989 1641 1012; x_wconf 88' lang='grc'>36</span> <span class='ocrx_word' id='word_1_185' title='bbox 1655 982 1832 1021; x_wconf 87' lang='lat' dir='ltr'>Raynaldo</span> <span class='ocrx_word' id='word_1_186' title='bbox 1849 982 1966 1013; x_wconf 84' lang='lat' dir='ltr'>Jacobi</span> <span class='ocrx_word' id='word_1_187' title='bbox 1983 983 2023 1014; x_wconf 88' lang='lat' dir='ltr'>de</span> <span class='ocrx_word' id='word_1_188' title='bbox 2040 984 2140 1015; x_wconf 87' lang='lat' dir='ltr'>dictis</span> <span class='ocrx_word' id='word_1_189' title='bbox 2155 985 2238 1016; x_wconf 89' lang='lat' dir='ltr'>filiis</span> 
     </span>
     <span class='ocr_line' id='line_1_33' title="bbox 638 1033 1678 1074; baseline 0.001 -10"><span class='ocrx_word' id='word_1_190' title='bbox 638 1033 731 1070; x_wconf 80' lang='lat' dir='ltr'>Ursi,</span> <span class='ocrx_word' id='word_1_191' title='bbox 746 1033 896 1064; x_wconf 83' lang='lat' dir='ltr'>thesaur.</span> <span class='ocrx_word' id='word_1_192' title='bbox 916 1034 1069 1065; x_wconf 87' lang='lat' dir='ltr'>Toletan.</span> <span class='ocrx_word' id='word_1_193' title='bbox 1088 1034 1169 1065; x_wconf 88' lang='grc'>6661.</span> <span class='ocrx_word' id='word_1_194' title='bbox 1184 1034 1238 1073; x_wconf 82' lang='grc' dir='ltr'><strong>(Α.</strong></span> <span class='ocrx_word' id='word_1_195' title='bbox 1255 1035 1303 1071; x_wconf 78' lang='grc'>14,</span> <span class='ocrx_word' id='word_1_196' title='bbox 1321 1033 1343 1064; x_wconf 89' lang='lat' dir='ltr'>f.</span> <span class='ocrx_word' id='word_1_197' title='bbox 1364 1036 1378 1063; x_wconf 90' lang='lat'><strong>1</strong></span> <span class='ocrx_word' id='word_1_198' title='bbox 1394 1033 1424 1071; x_wconf 70' lang='lat' dir='ltr'>b,</span> <span class='ocrx_word' id='word_1_199' title='bbox 1443 1033 1480 1065; x_wconf 89' lang='lat' dir='ltr'>V.</span> <span class='ocrx_word' id='word_1_200' title='bbox 1497 1036 1548 1072; x_wconf 92' lang='lat'>71,</span> <span class='ocrx_word' id='word_1_201' title='bbox 1565 1043 1617 1074; x_wconf 89' lang='lat' dir='ltr'>ep.</span> <span class='ocrx_word' id='word_1_202' title='bbox 1636 1035 1678 1072; x_wconf 89' lang='lat'>2.)</span> 
     </span>
    </p>

    <p class='ocr_par' dir='ltr' id='par_1_17' title="bbox 638 1084 2240 1287">
     <span class='ocr_line' id='line_1_34' title="bbox 685 1084 2240 1127; baseline 0.005 -12"><span class='ocrx_word' id='word_1_203' title='bbox 685 1084 819 1116; x_wconf 80' lang='grc'>12359.</span> <span class='ocrx_word' id='word_1_204' title='bbox 833 1105 871 1110; x_wconf 88' lang='lat'>—</span> <span class='ocrx_word' id='word_1_205' title='bbox 894 1087 995 1118; x_wconf 91' lang='lat' dir='ltr'>Prov.</span> <span class='ocrx_word' id='word_1_206' title='bbox 1014 1095 1146 1122; x_wconf 71' lang='lat' dir='ltr'>canon,</span> <span class='ocrx_word' id='word_1_207' title='bbox 1164 1087 1266 1127; x_wconf 86' lang='lat' dir='ltr'>praeb.</span> <span class='ocrx_word' id='word_1_208' title='bbox 1282 1088 1314 1118; x_wconf 90' lang='lat' dir='ltr'>et</span> <span class='ocrx_word' id='word_1_209' title='bbox 1331 1087 1512 1118; x_wconf 89' lang='lat' dir='ltr'>archidiac.</span> <span class='ocrx_word' id='word_1_210' title='bbox 1531 1087 1611 1118; x_wconf 88' lang='grc'>6661.</span> <span class='ocrx_word' id='word_1_211' title='bbox 1628 1087 1805 1119; x_wconf 85' lang='lat' dir='ltr'>Caturcen.</span> <span class='ocrx_word' id='word_1_212' title='bbox 1830 1097 1906 1118; x_wconf 87' lang='lat' dir='ltr'>cum</span> <span class='ocrx_word' id='word_1_213' title='bbox 1924 1089 2078 1120; x_wconf 86' lang='lat' dir='ltr'>ecclesiis</span> <span class='ocrx_word' id='word_1_214' title='bbox 2101 1090 2166 1121; x_wconf 88' lang='lat' dir='ltr'>sibi</span> <span class='ocrx_word' id='word_1_215' title='bbox 2183 1099 2240 1122; x_wconf 92' lang='lat' dir='ltr'>an-</span> 
     </span>
     <span class='ocr_line' id='line_1_35' title="bbox 639 1140 2239 1184; baseline 0.003 -14"><span class='ocrx_word' id='word_1_216' title='bbox 639 1140 747 1177; x_wconf 82' lang='lat' dir='ltr'>nexis,</span> <span class='ocrx_word' id='word_1_217' title='bbox 767 1149 828 1179; x_wconf 90' lang='lat' dir='ltr'>per</span> <span class='ocrx_word' id='word_1_218' title='bbox 851 1141 1036 1172; x_wconf 85' lang='lat' dir='ltr'>consecrat.</span> <span class='ocrx_word' id='word_1_219' title='bbox 1056 1140 1214 1172; x_wconf 89' lang='lat' dir='ltr'>Gasberti</span> <span class='ocrx_word' id='word_1_220' title='bbox 1242 1140 1311 1180; x_wconf 88' lang='lat' dir='ltr'>ep.i</span> <span class='ocrx_word' id='word_1_221' title='bbox 1332 1140 1510 1172; x_wconf 87' lang='lat' dir='ltr'>Massilien</span> <span class='ocrx_word' id='word_1_222' title='bbox 1541 1141 1745 1178; x_wconf 86' lang='lat' dir='ltr'>vacantium,</span> <span class='ocrx_word' id='word_1_223' title='bbox 1776 1141 1939 1172; x_wconf 83' lang='lat' dir='ltr'>Amalvino</span> <span class='ocrx_word' id='word_1_224' title='bbox 1968 1141 2004 1172; x_wconf 83' lang='lat' dir='ltr'>de</span> <span class='ocrx_word' id='word_1_225' title='bbox 2029 1142 2151 1183; x_wconf 76' lang='lat' dir='ltr'>Soyris,</span> <span class='ocrx_word' id='word_1_226' title='bbox 2181 1144 2239 1184; x_wconf 91' lang='lat' dir='ltr'>qui</span> 
     </span>
     <span class='ocr_line' id='line_1_36' title="bbox 639 1193 2240 1234; baseline 0.002 -10"><span class='ocrx_word' id='word_1_227' title='bbox 639 1193 844 1232; x_wconf 85' lang='lat' dir='ltr'>archipresb.</span> <span class='ocrx_word' id='word_1_228' title='bbox 874 1193 914 1224; x_wconf 89' lang='lat' dir='ltr'>de</span> <span class='ocrx_word' id='word_1_229' title='bbox 933 1202 960 1224; x_wconf 89' lang='lat' dir='ltr'>s.</span> <span class='ocrx_word' id='word_1_230' title='bbox 987 1193 1109 1233; x_wconf 89' lang='lat' dir='ltr'>Cyrico</span> <span class='ocrx_word' id='word_1_231' title='bbox 1123 1203 1151 1224; x_wconf 95' lang='grc'>6.</span> <span class='ocrx_word' id='word_1_232' title='bbox 1173 1203 1214 1228; x_wconf 85' lang='grc'>6.,</span> <span class='ocrx_word' id='word_1_233' title='bbox 1242 1193 1420 1225; x_wconf 86' lang='lat' dir='ltr'>Caturcen.</span> <span class='ocrx_word' id='word_1_234' title='bbox 1438 1193 1497 1229; x_wconf 92' lang='lat' dir='ltr'>di.,</span> <span class='ocrx_word' id='word_1_235' title='bbox 1517 1194 1688 1224; x_wconf 82' lang='lat' dir='ltr'>dimittere</span> <span class='ocrx_word' id='word_1_236' title='bbox 1703 1195 1859 1231; x_wconf 71' lang='lat' dir='ltr'>tenetur,</span> <span class='ocrx_word' id='word_1_237' title='bbox 1877 1195 2065 1234; x_wconf 82' lang='lat' dir='ltr'>prioratum</span> <span class='ocrx_word' id='word_1_238' title='bbox 2093 1197 2132 1227; x_wconf 92' lang='lat' dir='ltr'>de</span> <span class='ocrx_word' id='word_1_239' title='bbox 2155 1198 2240 1228; x_wconf 93' lang='lat' dir='ltr'>Len-</span> 
     </span>
     <span class='ocr_line' id='line_1_37' title="bbox 638 1246 1611 1287; baseline 0.001 -10"><span class='ocrx_word' id='word_1_240' title='bbox 638 1246 718 1284; x_wconf 89' lang='lat' dir='ltr'>this,</span> <span class='ocrx_word' id='word_1_241' title='bbox 735 1247 842 1287; x_wconf 87' lang='lat' dir='ltr'>ejusd.</span> <span class='ocrx_word' id='word_1_242' title='bbox 859 1247 918 1284; x_wconf 89' lang='lat' dir='ltr'>di.,</span> <span class='ocrx_word' id='word_1_243' title='bbox 936 1247 1091 1278; x_wconf 89' lang='lat' dir='ltr'>retineat.</span> <span class='ocrx_word' id='word_1_244' title='bbox 1112 1247 1164 1285; x_wconf 90' lang='lat' dir='ltr'>(A.</span> <span class='ocrx_word' id='word_1_245' title='bbox 1182 1248 1231 1285; x_wconf 74' lang='lat'>14,</span> <span class='ocrx_word' id='word_1_246' title='bbox 1251 1246 1275 1278; x_wconf 88' lang='lat' dir='ltr'>f.</span> <span class='ocrx_word' id='word_1_247' title='bbox 1294 1248 1313 1277; x_wconf 88' lang='lat'><strong>2</strong></span> <span class='ocrx_word' id='word_1_248' title='bbox 1328 1246 1358 1284; x_wconf 77' lang='lat'>¹³3</span> <span class='ocrx_word' id='word_1_249' title='bbox 1379 1247 1415 1278; x_wconf 92' lang='lat' dir='ltr'>V.</span> <span class='ocrx_word' id='word_1_250' title='bbox 1428 1249 1479 1284; x_wconf 92' lang='lat'>71,</span> <span class='ocrx_word' id='word_1_251' title='bbox 1495 1255 1548 1286; x_wconf 89' lang='lat' dir='ltr'>ep.</span> <span class='ocrx_word' id='word_1_252' title='bbox 1565 1248 1611 1286; x_wconf 81' lang='grc'>4.)</span> 
     </span>
    </p>

    <p class='ocr_par' dir='ltr' id='par_1_18' title="bbox 638 1297 2241 1553">
     <span class='ocr_line' id='line_1_38' title="bbox 685 1297 2241 1341; baseline 0.004 -13"><span class='ocrx_word' id='word_1_253' title='bbox 685 1297 819 1329; x_wconf 82' lang='grc'>12360.</span> <span class='ocrx_word' id='word_1_254' title='bbox 841 1318 880 1322; x_wconf 95' lang='grc'>-</span> <span class='ocrx_word' id='word_1_255' title='bbox 901 1299 1052 1330; x_wconf 83' lang='lat' dir='ltr'>Roderico</span> <span class='ocrx_word' id='word_1_256' title='bbox 1067 1299 1232 1336; x_wconf 66' lang='lat' dir='ltr'>Damnioi,</span> <span class='ocrx_word' id='word_1_257' title='bbox 1253 1300 1334 1331; x_wconf 87' lang='lat' dir='ltr'>cler.</span> <span class='ocrx_word' id='word_1_258' title='bbox 1351 1301 1383 1331; x_wconf 91' lang='lat' dir='ltr'>et</span> <span class='ocrx_word' id='word_1_259' title='bbox 1399 1300 1506 1330; x_wconf 87' lang='lat' dir='ltr'>famil.</span> <span class='ocrx_word' id='word_1_260' title='bbox 1517 1300 1677 1340; x_wconf 86' lang='lat' dir='ltr'>Dionysii</span> <span class='ocrx_word' id='word_1_261' title='bbox 1694 1300 1784 1339; x_wconf 84' lang='lat' dir='ltr'>regis</span> <span class='ocrx_word' id='word_1_262' title='bbox 1799 1301 1832 1331; x_wconf 89' lang='lat' dir='ltr'>et</span> <span class='ocrx_word' id='word_1_263' title='bbox 1845 1301 2020 1332; x_wconf 84' lang='lat' dir='ltr'>Elisabeth</span> <span class='ocrx_word' id='word_1_264' title='bbox 2036 1302 2147 1341; x_wconf 90' lang='lat' dir='ltr'>ipsius</span> <span class='ocrx_word' id='word_1_265' title='bbox 2165 1312 2241 1334; x_wconf 88' lang='lat' dir='ltr'>con-</span> 
     </span>
     <span class='ocr_line' id='line_1_39' title="bbox 639 1352 2235 1395; baseline 0.002 -11"><span class='ocrx_word' id='word_1_266' title='bbox 639 1353 753 1390; x_wconf 87' lang='lat' dir='ltr'>sortis,</span> <span class='ocrx_word' id='word_1_267' title='bbox 778 1353 902 1393; x_wconf 87' lang='lat' dir='ltr'>reginae</span> <span class='ocrx_word' id='word_1_268' title='bbox 921 1353 1140 1393; x_wconf 83' lang='lat' dir='ltr'>Portugalliae</span> <span class='ocrx_word' id='word_1_269' title='bbox 1156 1354 1188 1384; x_wconf 89' lang='lat' dir='ltr'>et</span> <span class='ocrx_word' id='word_1_270' title='bbox 1205 1352 1372 1393; x_wconf 84' lang='lat' dir='ltr'>Algarbii,</span> <span class='ocrx_word' id='word_1_271' title='bbox 1390 1353 1548 1393; x_wconf 90' lang='lat' dir='ltr'>supplic.,</span> <span class='ocrx_word' id='word_1_272' title='bbox 1567 1353 1679 1384; x_wconf 87' lang='lat' dir='ltr'>collat.</span> <span class='ocrx_word' id='word_1_273' title='bbox 1696 1361 1813 1384; x_wconf 87' lang='lat' dir='ltr'>canon.</span> <span class='ocrx_word' id='word_1_274' title='bbox 1834 1354 1897 1384; x_wconf 85' lang='lat' dir='ltr'>sub</span> <span class='ocrx_word' id='word_1_275' title='bbox 1918 1363 2014 1394; x_wconf 84' lang='lat' dir='ltr'>exsp.</span> <span class='ocrx_word' id='word_1_276' title='bbox 2030 1355 2134 1395; x_wconf 85' lang='lat' dir='ltr'>praeb.</span> <span class='ocrx_word' id='word_1_277' title='bbox 2152 1357 2235 1387; x_wconf 88' lang='lat' dir='ltr'>eccl.</span> 
     </span>
     <span class='ocr_line' id='line_1_40' title="bbox 639 1406 2238 1446; baseline 0.002 -9"><span class='ocrx_word' id='word_1_278' title='bbox 639 1406 862 1442; x_wconf 85' lang='lat' dir='ltr'>Ulixbonen.;</span> <span class='ocrx_word' id='word_1_279' title='bbox 877 1415 944 1438; x_wconf 92' lang='lat' dir='ltr'>non</span> <span class='ocrx_word' id='word_1_280' title='bbox 960 1406 1048 1438; x_wconf 89' lang='lat' dir='ltr'>obst.</span> <span class='ocrx_word' id='word_1_281' title='bbox 1069 1407 1104 1437; x_wconf 93' lang='lat' dir='ltr'>in</span> <span class='ocrx_word' id='word_1_282' title='bbox 1121 1406 1201 1437; x_wconf 88' lang='lat' dir='ltr'>eccl.</span> <span class='ocrx_word' id='word_1_283' title='bbox 1230 1406 1432 1437; x_wconf 86' lang='lat' dir='ltr'>Bracharen.</span> <span class='ocrx_word' id='word_1_284' title='bbox 1451 1415 1568 1437; x_wconf 81' lang='lat' dir='ltr'>canon.</span> <span class='ocrx_word' id='word_1_285' title='bbox 1586 1408 1618 1437; x_wconf 87' lang='lat' dir='ltr'>et</span> <span class='ocrx_word' id='word_1_286' title='bbox 1634 1406 1751 1446; x_wconf 86' lang='lat' dir='ltr'>praeb.,</span> <span class='ocrx_word' id='word_1_287' title='bbox 1771 1415 1809 1437; x_wconf 90' lang='grc'>36</span> <span class='ocrx_word' id='word_1_288' title='bbox 1823 1407 1960 1446; x_wconf 89' lang='lat' dir='ltr'>paroch.</span> <span class='ocrx_word' id='word_1_289' title='bbox 1979 1408 2059 1439; x_wconf 87' lang='lat' dir='ltr'>eccl.</span> <span class='ocrx_word' id='word_1_290' title='bbox 2078 1409 2118 1439; x_wconf 89' lang='lat' dir='ltr'>de</span> <span class='ocrx_word' id='word_1_291' title='bbox 2134 1409 2238 1440; x_wconf 89' lang='lat' dir='ltr'>Aton-</span> 
     </span>
     <span class='ocr_line' id='line_1_41' title="bbox 639 1459 2237 1500; baseline 0.001 -9"><span class='ocrx_word' id='word_1_292' title='bbox 639 1460 728 1500; x_wconf 84' lang='lat' dir='ltr'>guia,</span> <span class='ocrx_word' id='word_1_293' title='bbox 749 1460 954 1492; x_wconf 85' lang='lat' dir='ltr'>Ulixbonen.</span> <span class='ocrx_word' id='word_1_294' title='bbox 973 1460 1019 1491; x_wconf 92' lang='lat' dir='ltr'>di.</span> <span class='ocrx_word' id='word_1_295' title='bbox 1036 1477 1073 1482; x_wconf 92' lang='lat'>—-</span> <span class='ocrx_word' id='word_1_296' title='bbox 1103 1460 1129 1490; x_wconf 92' lang='lat' dir='ltr'>I.</span> <span class='ocrx_word' id='word_1_297' title='bbox 1148 1468 1177 1490; x_wconf 86' lang='grc'>6.</span> <span class='ocrx_word' id='word_1_298' title='bbox 1198 1468 1243 1490; x_wconf 91' lang='lat' dir='ltr'>m.</span> <span class='ocrx_word' id='word_1_299' title='bbox 1264 1468 1340 1499; x_wconf 84' lang='lat' dir='ltr'>ep.o</span> <span class='ocrx_word' id='word_1_300' title='bbox 1366 1459 1539 1495; x_wconf 91' lang='lat' dir='ltr'>Elboren.‚</span> <span class='ocrx_word' id='word_1_301' title='bbox 1568 1461 1600 1490; x_wconf 89' lang='lat' dir='ltr'>et</span> <span class='ocrx_word' id='word_1_302' title='bbox 1627 1468 1716 1499; x_wconf 85' lang='lat' dir='ltr'>mag.</span> <span class='ocrx_word' id='word_1_303' title='bbox 1742 1460 1916 1496; x_wconf 85' lang='lat' dir='ltr'>Barnabae,</span> <span class='ocrx_word' id='word_1_304' title='bbox 1945 1460 2178 1499; x_wconf 71' lang='lat' dir='ltr'>colimbrien,</span> <span class='ocrx_word' id='word_1_305' title='bbox 2200 1471 2237 1493; x_wconf 87' lang='lat' dir='ltr'>ac</span> 
     </span>
     <span class='ocr_line' id='line_1_42' title="bbox 638 1512 2086 1553; baseline 0 -9"><span class='ocrx_word' id='word_1_306' title='bbox 638 1522 726 1553; x_wconf 86' lang='lat' dir='ltr'>mag.</span> <span class='ocrx_word' id='word_1_307' title='bbox 745 1513 868 1544; x_wconf 84' lang='lat' dir='ltr'>Joanni</span> <span class='ocrx_word' id='word_1_308' title='bbox 885 1513 924 1544; x_wconf 90' lang='lat' dir='ltr'>de</span> <span class='ocrx_word' id='word_1_309' title='bbox 939 1514 1061 1550; x_wconf 81' lang='lat' dir='ltr'>Bocca,</span> <span class='ocrx_word' id='word_1_310' title='bbox 1079 1513 1294 1552; x_wconf 86' lang='lat' dir='ltr'>Neapolitan.</span> <span class='ocrx_word' id='word_1_311' title='bbox 1314 1521 1386 1543; x_wconf 90' lang='lat' dir='ltr'>can.</span> <span class='ocrx_word' id='word_1_312' title='bbox 1406 1512 1486 1543; x_wconf 87' lang='grc'>6661.</span> <span class='ocrx_word' id='word_1_313' title='bbox 1504 1513 1556 1551; x_wconf 88' lang='lat' dir='ltr'>(A.</span> <span class='ocrx_word' id='word_1_314' title='bbox 1574 1514 1622 1549; x_wconf 85' lang='lat'>14,</span> <span class='ocrx_word' id='word_1_315' title='bbox 1643 1512 1664 1543; x_wconf 89' lang='lat' dir='ltr'>f.</span> <span class='ocrx_word' id='word_1_316' title='bbox 1683 1514 1741 1543; x_wconf 79' lang='lat'>159</span> <span class='ocrx_word' id='word_1_317' title='bbox 1757 1518 1786 1550; x_wconf 61' lang='grc' dir='ltr'>ἃς</span> <span class='ocrx_word' id='word_1_318' title='bbox 1812 1512 1843 1542; x_wconf 90' lang='lat' dir='ltr'>V.</span> <span class='ocrx_word' id='word_1_319' title='bbox 1865 1515 1914 1551; x_wconf 91' lang='lat'>71,</span> <span class='ocrx_word' id='word_1_320' title='bbox 1932 1522 1984 1553; x_wconf 93' lang='lat' dir='ltr'>ep.</span> <span class='ocrx_word' id='word_1_321' title='bbox 2001 1515 2086 1552; x_wconf 91' lang='grc'><strong>272.)</strong></span> 
     </span>
    </p>

    <p class='ocr_par' dir='ltr' id='par_1_19' title="bbox 638 1563 2237 1712">
     <span class='ocr_line' id='line_1_43' title="bbox 685 1563 2235 1606; baseline 0.003 -12"><span class='ocrx_word' id='word_1_322' title='bbox 685 1563 819 1595; x_wconf 81' lang='grc'>12361.</span> <span class='ocrx_word' id='word_1_323' title='bbox 838 1566 1051 1606; x_wconf 88' lang='lat' dir='ltr'>—Dispens.</span> <span class='ocrx_word' id='word_1_324' title='bbox 1076 1574 1179 1605; x_wconf 90' lang='lat' dir='ltr'>super</span> <span class='ocrx_word' id='word_1_325' title='bbox 1208 1565 1340 1597; x_wconf 87' lang='lat' dir='ltr'>defectu</span> <span class='ocrx_word' id='word_1_326' title='bbox 1370 1565 1536 1597; x_wconf 89' lang='lat' dir='ltr'>natalium</span> <span class='ocrx_word' id='word_1_327' title='bbox 1552 1565 1695 1596; x_wconf 83' lang='lat' dir='ltr'>Bandino</span> <span class='ocrx_word' id='word_1_328' title='bbox 1718 1565 1899 1604; x_wconf 82' lang='lat' dir='ltr'>Martellati,</span> <span class='ocrx_word' id='word_1_329' title='bbox 1926 1566 1997 1597; x_wconf 87' lang='lat' dir='ltr'>cler.</span> <span class='ocrx_word' id='word_1_330' title='bbox 2026 1567 2147 1598; x_wconf 85' lang='lat' dir='ltr'>Aretin.</span> <span class='ocrx_word' id='word_1_331' title='bbox 2178 1567 2235 1605; x_wconf 86' lang='lat' dir='ltr'>di.,</span> 
     </span>
     <span class='ocr_line' id='line_1_44' title="bbox 638 1618 2237 1663; baseline 0.001 -13"><span class='ocrx_word' id='word_1_332' title='bbox 638 1620 679 1650; x_wconf 90' lang='lat' dir='ltr'>de</span> <span class='ocrx_word' id='word_1_333' title='bbox 702 1620 813 1651; x_wconf 84' lang='lat' dir='ltr'>soluto</span> <span class='ocrx_word' id='word_1_334' title='bbox 832 1621 864 1650; x_wconf 88' lang='lat' dir='ltr'>et</span> <span class='ocrx_word' id='word_1_335' title='bbox 885 1620 997 1650; x_wconf 89' lang='lat' dir='ltr'>soluta</span> <span class='ocrx_word' id='word_1_336' title='bbox 1011 1619 1137 1658; x_wconf 85' lang='lat' dir='ltr'>genito,</span> <span class='ocrx_word' id='word_1_337' title='bbox 1154 1620 1190 1650; x_wconf 93' lang='lat' dir='ltr'>ut</span> <span class='ocrx_word' id='word_1_338' title='bbox 1207 1619 1249 1663; x_wconf 82' lang='lat' dir='ltr'>ad</span> <span class='ocrx_word' id='word_1_339' title='bbox 1269 1627 1386 1650; x_wconf 89' lang='lat' dir='ltr'>omnes</span> <span class='ocrx_word' id='word_1_340' title='bbox 1402 1619 1474 1650; x_wconf 91' lang='lat' dir='ltr'>ord.</span> <span class='ocrx_word' id='word_1_341' title='bbox 1493 1619 1686 1658; x_wconf 89' lang='lat' dir='ltr'>promoveri</span> <span class='ocrx_word' id='word_1_342' title='bbox 1703 1620 1735 1649; x_wconf 92' lang='lat' dir='ltr'>et</span> <span class='ocrx_word' id='word_1_343' title='bbox 1753 1618 1863 1650; x_wconf 83' lang='lat' dir='ltr'>benef.</span> <span class='ocrx_word' id='word_1_344' title='bbox 1884 1619 2071 1651; x_wconf 82' lang='lat' dir='ltr'>ecclesiast.</span> <span class='ocrx_word' id='word_1_345' title='bbox 2090 1621 2193 1651; x_wconf 86' lang='lat' dir='ltr'>etiam</span> <span class='ocrx_word' id='word_1_346' title='bbox 2208 1629 2237 1652; x_wconf 89' lang='grc'>6.</span> 
     </span>
     <span class='ocr_line' id='line_1_45' title="bbox 638 1671 1549 1712; baseline -0.001 -9"><span class='ocrx_word' id='word_1_347' title='bbox 638 1682 667 1704; x_wconf 88' lang='grc'><strong>6.</strong></span> <span class='ocrx_word' id='word_1_348' title='bbox 683 1673 834 1704; x_wconf 83' lang='lat' dir='ltr'>obtinere</span> <span class='ocrx_word' id='word_1_349' title='bbox 849 1673 971 1704; x_wconf 85' lang='lat' dir='ltr'>valeat.</span> <span class='ocrx_word' id='word_1_350' title='bbox 989 1673 1041 1711; x_wconf 87' lang='lat' dir='ltr'>(A.</span> <span class='ocrx_word' id='word_1_351' title='bbox 1063 1674 1111 1707; x_wconf 87' lang='lat'>15,</span> <span class='ocrx_word' id='word_1_352' title='bbox 1129 1672 1151 1702; x_wconf 86' lang='lat' dir='ltr'>f.</span> <span class='ocrx_word' id='word_1_353' title='bbox 1168 1674 1207 1704; x_wconf 85' lang='lat'>56</span> <span class='ocrx_word' id='word_1_354' title='bbox 1223 1677 1254 1709; x_wconf 77' lang='lat' dir='ltr'>a;</span> <span class='ocrx_word' id='word_1_355' title='bbox 1277 1671 1310 1702; x_wconf 90' lang='lat' dir='ltr'>V.</span> <span class='ocrx_word' id='word_1_356' title='bbox 1329 1674 1378 1710; x_wconf 89' lang='lat'>71,</span> <span class='ocrx_word' id='word_1_357' title='bbox 1397 1681 1449 1712; x_wconf 89' lang='lat' dir='ltr'>ep.</span> <span class='ocrx_word' id='word_1_358' title='bbox 1466 1673 1549 1710; x_wconf 92' lang='grc'>710.)</span> 
     </span>
    </p>

    <p class='ocr_par' dir='ltr' id='par_1_20' title="bbox 637 1723 2239 1977">
     <span class='ocr_line' id='line_1_46' title="bbox 685 1723 2237 1766; baseline 0.001 -12"><span class='ocrx_word' id='word_1_359' title='bbox 685 1723 817 1755; x_wconf 79' lang='lat'>12362.</span> <span class='ocrx_word' id='word_1_360' title='bbox 838 1742 876 1748; x_wconf 90' lang='lat'>—</span> <span class='ocrx_word' id='word_1_361' title='bbox 890 1726 994 1766; x_wconf 81' lang='lat' dir='ltr'>Praep.</span> <span class='ocrx_word' id='word_1_362' title='bbox 1010 1725 1082 1755; x_wconf 82' lang='lat' dir='ltr'>eccl.</span> <span class='ocrx_word' id='word_1_363' title='bbox 1096 1725 1315 1755; x_wconf 80' lang='lat' dir='ltr'>Avinionen.et</span> <span class='ocrx_word' id='word_1_364' title='bbox 1329 1725 1367 1756; x_wconf 85' lang='lat' dir='ltr'>de</span> <span class='ocrx_word' id='word_1_365' title='bbox 1383 1724 1556 1755; x_wconf 72' lang='lat' dir='ltr'>Montavari</span> <span class='ocrx_word' id='word_1_366' title='bbox 1568 1735 1602 1755; x_wconf 84' lang='lat' dir='ltr'>ac</span> <span class='ocrx_word' id='word_1_367' title='bbox 1616 1724 1747 1755; x_wconf 82' lang='lat' dir='ltr'>Coltello</span> <span class='ocrx_word' id='word_1_368' title='bbox 1760 1725 1893 1765; x_wconf 80' lang='lat' dir='ltr'>plebium</span> <span class='ocrx_word' id='word_1_369' title='bbox 1905 1724 2055 1766; x_wconf 81' lang='lat' dir='ltr'>plebanis,</span> <span class='ocrx_word' id='word_1_370' title='bbox 2065 1726 2187 1757; x_wconf 79' lang='lat' dir='ltr'>Aretin.</span> <span class='ocrx_word' id='word_1_371' title='bbox 2207 1731 2237 1756; x_wconf 84' lang='lat' dir='ltr'>et</span> 
     </span>
     <span class='ocr_line' id='line_1_47' title="bbox 641 1778 2238 1818; baseline 0.001 -8"><span class='ocrx_word' id='word_1_372' title='bbox 641 1778 756 1810; x_wconf 82' lang='lat' dir='ltr'>Clusin.</span> <span class='ocrx_word' id='word_1_373' title='bbox 776 1779 832 1814; x_wconf 86' lang='lat' dir='ltr'>di.,</span> <span class='ocrx_word' id='word_1_374' title='bbox 849 1779 961 1810; x_wconf 87' lang='lat' dir='ltr'>mand.</span> <span class='ocrx_word' id='word_1_375' title='bbox 981 1781 1018 1810; x_wconf 93' lang='lat' dir='ltr'>ut</span> <span class='ocrx_word' id='word_1_376' title='bbox 1032 1779 1220 1818; x_wconf 85' lang='lat' dir='ltr'>prioratum</span> <span class='ocrx_word' id='word_1_377' title='bbox 1245 1778 1278 1809; x_wconf 86' lang='lat' dir='ltr'>S.</span> <span class='ocrx_word' id='word_1_378' title='bbox 1296 1778 1434 1809; x_wconf 85' lang='lat' dir='ltr'>Martini</span> <span class='ocrx_word' id='word_1_379' title='bbox 1455 1779 1495 1809; x_wconf 91' lang='lat' dir='ltr'>de</span> <span class='ocrx_word' id='word_1_380' title='bbox 1514 1779 1620 1814; x_wconf 89' lang='lat' dir='ltr'>Vena,</span> <span class='ocrx_word' id='word_1_381' title='bbox 1646 1779 1685 1810; x_wconf 93' lang='lat' dir='ltr'>O.</span> <span class='ocrx_word' id='word_1_382' title='bbox 1706 1779 1740 1809; x_wconf 77' lang='lat' dir='ltr'>S.</span> <span class='ocrx_word' id='word_1_383' title='bbox 1764 1779 1816 1815; x_wconf 91' lang='lat' dir='ltr'>B.,</span> <span class='ocrx_word' id='word_1_384' title='bbox 1835 1779 1965 1809; x_wconf 87' lang='lat' dir='ltr'>Aretin.</span> <span class='ocrx_word' id='word_1_385' title='bbox 1985 1779 2043 1816; x_wconf 88' lang='lat' dir='ltr'>di.,</span> <span class='ocrx_word' id='word_1_386' title='bbox 2065 1788 2093 1810; x_wconf 89' lang='grc'><strong>6.</strong></span> <span class='ocrx_word' id='word_1_387' title='bbox 2110 1788 2152 1816; x_wconf 91' lang='grc'>6.,</span> <span class='ocrx_word' id='word_1_388' title='bbox 2170 1788 2238 1811; x_wconf 88' lang='lat' dir='ltr'>mo-</span> 
     </span>
     <span class='ocr_line' id='line_1_48' title="bbox 638 1831 2238 1872; baseline 0 -9"><span class='ocrx_word' id='word_1_389' title='bbox 638 1834 726 1863; x_wconf 83' lang='lat' dir='ltr'>nast.</span> <span class='ocrx_word' id='word_1_390' title='bbox 744 1841 771 1862; x_wconf 90' lang='lat' dir='ltr'>s.</span> <span class='ocrx_word' id='word_1_391' title='bbox 793 1832 936 1863; x_wconf 86' lang='lat' dir='ltr'>Joannis</span> <span class='ocrx_word' id='word_1_392' title='bbox 954 1832 995 1863; x_wconf 90' lang='lat' dir='ltr'>de</span> <span class='ocrx_word' id='word_1_393' title='bbox 1012 1832 1178 1868; x_wconf 87' lang='lat' dir='ltr'>Moizano,</span> <span class='ocrx_word' id='word_1_394' title='bbox 1199 1831 1307 1871; x_wconf 86' lang='lat' dir='ltr'>ejusd.</span> <span class='ocrx_word' id='word_1_395' title='bbox 1325 1832 1410 1869; x_wconf 65' lang='lat' dir='ltr'>ord„</span> <span class='ocrx_word' id='word_1_396' title='bbox 1441 1831 1626 1862; x_wconf 84' lang='lat' dir='ltr'>Castellan.</span> <span class='ocrx_word' id='word_1_397' title='bbox 1647 1831 1704 1869; x_wconf 89' lang='lat' dir='ltr'>di.,</span> <span class='ocrx_word' id='word_1_398' title='bbox 1726 1831 1917 1871; x_wconf 84' lang='lat' dir='ltr'>subjectum</span> <span class='ocrx_word' id='word_1_399' title='bbox 1937 1835 1970 1863; x_wconf 89' lang='lat' dir='ltr'>et</span> <span class='ocrx_word' id='word_1_400' title='bbox 1989 1841 2050 1872; x_wconf 90' lang='lat' dir='ltr'>per</span> <span class='ocrx_word' id='word_1_401' title='bbox 2066 1832 2146 1863; x_wconf 88' lang='lat' dir='ltr'>obit.</span> <span class='ocrx_word' id='word_1_402' title='bbox 2171 1833 2238 1863; x_wconf 87' lang='lat' dir='ltr'>An-</span> 
     </span>
     <span class='ocr_line' id='line_1_49' title="bbox 638 1884 2239 1925; baseline 0 -9"><span class='ocrx_word' id='word_1_403' title='bbox 638 1886 726 1916; x_wconf 85' lang='lat' dir='ltr'>dreae</span> <span class='ocrx_word' id='word_1_404' title='bbox 740 1885 988 1925; x_wconf 85' lang='lat' dir='ltr'>Hugotionelli,</span> <span class='ocrx_word' id='word_1_405' title='bbox 1015 1885 1123 1925; x_wconf 89' lang='lat' dir='ltr'>ejusd.</span> <span class='ocrx_word' id='word_1_406' title='bbox 1147 1886 1291 1916; x_wconf 90' lang='lat' dir='ltr'>monast.</span> <span class='ocrx_word' id='word_1_407' title='bbox 1323 1893 1426 1922; x_wconf 68' lang='lat' dir='ltr'>mon,</span> <span class='ocrx_word' id='word_1_408' title='bbox 1446 1893 1529 1921; x_wconf 84' lang='lat' dir='ltr'>vac.,</span> <span class='ocrx_word' id='word_1_409' title='bbox 1544 1885 1723 1915; x_wconf 84' lang='lat' dir='ltr'>&#39;conferant</span> <span class='ocrx_word' id='word_1_410' title='bbox 1748 1884 1907 1916; x_wconf 90' lang='lat' dir='ltr'>Bartholo</span> <span class='ocrx_word' id='word_1_411' title='bbox 1927 1885 1968 1916; x_wconf 88' lang='lat' dir='ltr'>de</span> <span class='ocrx_word' id='word_1_412' title='bbox 1986 1885 2102 1916; x_wconf 80' lang='lat' dir='ltr'>Fratta</span> <span class='ocrx_word' id='word_1_413' title='bbox 2127 1886 2239 1925; x_wconf 90' lang='lat' dir='ltr'>ipsius</span> 
     </span>
     <span class='ocr_line' id='line_1_50' title="bbox 637 1937 1492 1977; baseline -0.004 -7"><span class='ocrx_word' id='word_1_414' title='bbox 637 1940 783 1970; x_wconf 89' lang='lat' dir='ltr'>monast.</span> <span class='ocrx_word' id='word_1_415' title='bbox 804 1947 894 1969; x_wconf 86' lang='lat' dir='ltr'>mon.</span> <span class='ocrx_word' id='word_1_416' title='bbox 917 1938 970 1977; x_wconf 88' lang='lat' dir='ltr'>(A.</span> <span class='ocrx_word' id='word_1_417' title='bbox 988 1939 1037 1976; x_wconf 88' lang='lat'>15,</span> <span class='ocrx_word' id='word_1_418' title='bbox 1058 1938 1081 1969; x_wconf 83' lang='lat' dir='ltr'>f.</span> <span class='ocrx_word' id='word_1_419' title='bbox 1100 1939 1139 1970; x_wconf 86' lang='lat'>56</span> <span class='ocrx_word' id='word_1_420' title='bbox 1155 1937 1184 1974; x_wconf 64' lang='lat' dir='ltr'>bg</span> <span class='ocrx_word' id='word_1_421' title='bbox 1208 1937 1243 1969; x_wconf 87' lang='lat' dir='ltr'>V.</span> <span class='ocrx_word' id='word_1_422' title='bbox 1265 1939 1315 1975; x_wconf 85' lang='grc'>72,</span> <span class='ocrx_word' id='word_1_423' title='bbox 1334 1946 1385 1977; x_wconf 88' lang='lat' dir='ltr'>ep.</span> <span class='ocrx_word' id='word_1_424' title='bbox 1406 1938 1492 1977; x_wconf 87' lang='lat'><strong>711.)</strong></span> 
     </span>
    </p>

    <p class='ocr_par' dir='ltr' id='par_1_21' title="bbox 636 1989 2240 2246">
     <span class='ocr_line' id='line_1_51' title="bbox 684 1989 2236 2030; baseline 0.002 -10"><span class='ocrx_word' id='word_1_425' title='bbox 684 1989 816 2020; x_wconf 81' lang='grc'>12363.</span> <span class='ocrx_word' id='word_1_426' title='bbox 844 2010 881 2014; x_wconf 85' lang='grc'>-</span> <span class='ocrx_word' id='word_1_427' title='bbox 896 1991 1015 2023; x_wconf 83' lang='lat' dir='ltr'>Gratia</span> <span class='ocrx_word' id='word_1_428' title='bbox 1031 1999 1126 2030; x_wconf 85' lang='lat' dir='ltr'>exsp.</span> <span class='ocrx_word' id='word_1_429' title='bbox 1145 1991 1256 2022; x_wconf 81' lang='lat' dir='ltr'>benef.</span> <span class='ocrx_word' id='word_1_430' title='bbox 1274 1999 1301 2021; x_wconf 92' lang='lat' dir='ltr'>s.</span> <span class='ocrx_word' id='word_1_431' title='bbox 1322 1999 1363 2027; x_wconf 88' lang='lat' dir='ltr'>c.‚</span> <span class='ocrx_word' id='word_1_432' title='bbox 1383 1990 1519 2021; x_wconf 90' lang='lat' dir='ltr'>etiamsi</span> <span class='ocrx_word' id='word_1_433' title='bbox 1542 1990 1634 2030; x_wconf 85' lang='lat' dir='ltr'>dign.</span> <span class='ocrx_word' id='word_1_434' title='bbox 1654 1990 1708 2021; x_wconf 90' lang='lat' dir='ltr'>vel</span> <span class='ocrx_word' id='word_1_435' title='bbox 1724 1992 1927 2030; x_wconf 85' lang='lat' dir='ltr'>personatus</span> <span class='ocrx_word' id='word_1_436' title='bbox 1944 1991 2068 2022; x_wconf 85' lang='lat' dir='ltr'>existat</span> <span class='ocrx_word' id='word_1_437' title='bbox 2084 1991 2118 2022; x_wconf 90' lang='lat' dir='ltr'>in</span> <span class='ocrx_word' id='word_1_438' title='bbox 2146 1992 2236 2024; x_wconf 85' lang='lat' dir='ltr'>civit.</span> 
     </span>
     <span class='ocr_line' id='line_1_52' title="bbox 636 2043 2238 2084; baseline 0 -9"><span class='ocrx_word' id='word_1_439' title='bbox 636 2045 690 2076; x_wconf 87' lang='lat' dir='ltr'>vel</span> <span class='ocrx_word' id='word_1_440' title='bbox 713 2045 759 2076; x_wconf 91' lang='lat' dir='ltr'>di.</span> <span class='ocrx_word' id='word_1_441' title='bbox 777 2044 949 2082; x_wconf 88' lang='lat' dir='ltr'>Perusin.,</span> <span class='ocrx_word' id='word_1_442' title='bbox 967 2045 1010 2075; x_wconf 82' lang='lat' dir='ltr'>ad.</span> <span class='ocrx_word' id='word_1_443' title='bbox 1027 2044 1142 2075; x_wconf 88' lang='lat' dir='ltr'>collat.</span> <span class='ocrx_word' id='word_1_444' title='bbox 1161 2044 1229 2084; x_wconf 89' lang='lat' dir='ltr'>ep.i</span> <span class='ocrx_word' id='word_1_445' title='bbox 1244 2045 1276 2075; x_wconf 90' lang='lat' dir='ltr'>et</span> <span class='ocrx_word' id='word_1_446' title='bbox 1293 2043 1393 2083; x_wconf 82' lang='lat' dir='ltr'>capit.</span> <span class='ocrx_word' id='word_1_447' title='bbox 1414 2043 1570 2074; x_wconf 88' lang='lat' dir='ltr'>Perusin.</span> <span class='ocrx_word' id='word_1_448' title='bbox 1585 2043 1721 2083; x_wconf 71' lang='lat' dir='ltr'>pertin,</span> <span class='ocrx_word' id='word_1_449' title='bbox 1734 2043 1866 2074; x_wconf 77' lang='lat' dir='ltr'>Andreae</span> <span class='ocrx_word' id='word_1_450' title='bbox 1882 2049 1953 2074; x_wconf 86' lang='grc' dir='ltr'><em>ηαιο</em></span> <span class='ocrx_word' id='word_1_451' title='bbox 1969 2054 1999 2074; x_wconf 84' lang='lat' dir='ltr'>n.</span> <span class='ocrx_word' id='word_1_452' title='bbox 2017 2054 2045 2074; x_wconf 86' lang='lat' dir='ltr'>v.</span> <span class='ocrx_word' id='word_1_453' title='bbox 2064 2043 2238 2075; x_wconf 80' lang='lat' dir='ltr'>Gualterini</span> 
     </span>
     <span class='ocr_line' id='line_1_53' title="bbox 637 2096 2240 2137; baseline 0 -7"><span class='ocrx_word' id='word_1_454' title='bbox 637 2098 674 2130; x_wconf 87' lang='lat' dir='ltr'>de</span> <span class='ocrx_word' id='word_1_455' title='bbox 689 2097 888 2134; x_wconf 85' lang='lat' dir='ltr'>Castronovo,</span> <span class='ocrx_word' id='word_1_456' title='bbox 903 2098 992 2129; x_wconf 88' lang='lat' dir='ltr'>card.</span> <span class='ocrx_word' id='word_1_457' title='bbox 1009 2097 1155 2137; x_wconf 87' lang='lat' dir='ltr'>praeben.</span> <span class='ocrx_word' id='word_1_458' title='bbox 1174 2097 1284 2137; x_wconf 88' lang='lat' dir='ltr'>plebis</span> <span class='ocrx_word' id='word_1_459' title='bbox 1300 2097 1341 2128; x_wconf 90' lang='lat' dir='ltr'>de</span> <span class='ocrx_word' id='word_1_460' title='bbox 1358 2097 1533 2136; x_wconf 87' lang='lat' dir='ltr'>Confignio</span> <span class='ocrx_word' id='word_1_461' title='bbox 1549 2096 1706 2127; x_wconf 88' lang='lat' dir='ltr'>Perusin.</span> <span class='ocrx_word' id='word_1_462' title='bbox 1722 2097 1768 2127; x_wconf 89' lang='lat' dir='ltr'>di.</span> <span class='ocrx_word' id='word_1_463' title='bbox 1778 2107 1787 2134; x_wconf 87' lang='lat'>;</span> <span class='ocrx_word' id='word_1_464' title='bbox 1804 2106 1879 2128; x_wconf 89' lang='lat' dir='ltr'>cum</span> <span class='ocrx_word' id='word_1_465' title='bbox 1899 2097 2051 2136; x_wconf 88' lang='lat' dir='ltr'>dispens.</span> <span class='ocrx_word' id='word_1_466' title='bbox 2069 2106 2171 2137; x_wconf 89' lang='lat' dir='ltr'>super</span> <span class='ocrx_word' id='word_1_467' title='bbox 2184 2098 2240 2130; x_wconf 83' lang='lat' dir='ltr'>de-</span> 
     </span>
     <span class='ocr_line' id='line_1_54' title="bbox 636 2150 2239 2192; baseline -0.001 -8"><span class='ocrx_word' id='word_1_468' title='bbox 636 2152 727 2184; x_wconf 85' lang='lat' dir='ltr'>fectu</span> <span class='ocrx_word' id='word_1_469' title='bbox 745 2152 856 2183; x_wconf 80' lang='lat' dir='ltr'>aetatis</span> <span class='ocrx_word' id='word_1_470' title='bbox 872 2151 925 2192; x_wconf 78' lang='lat'>(14</span> <span class='ocrx_word' id='word_1_471' title='bbox 941 2153 1009 2191; x_wconf 87' lang='lat' dir='ltr'>an.)</span> <span class='ocrx_word' id='word_1_472' title='bbox 1024 2169 1062 2174; x_wconf 94' lang='lat'>—</span> <span class='ocrx_word' id='word_1_473' title='bbox 1084 2151 1110 2183; x_wconf 89' lang='lat' dir='ltr'>I.</span> <span class='ocrx_word' id='word_1_474' title='bbox 1129 2159 1158 2182; x_wconf 90' lang='lat' dir='ltr'>e.</span> <span class='ocrx_word' id='word_1_475' title='bbox 1179 2159 1224 2182; x_wconf 91' lang='lat' dir='ltr'>m.</span> <span class='ocrx_word' id='word_1_476' title='bbox 1245 2159 1349 2190; x_wconf 86' lang='lat' dir='ltr'>praep.</span> <span class='ocrx_word' id='word_1_477' title='bbox 1377 2150 1456 2181; x_wconf 88' lang='grc'>6661.</span> <span class='ocrx_word' id='word_1_478' title='bbox 1484 2150 1700 2186; x_wconf 87' lang='lat' dir='ltr'>Avinionen.‚</span> <span class='ocrx_word' id='word_1_479' title='bbox 1724 2152 1756 2181; x_wconf 90' lang='lat' dir='ltr'>et</span> <span class='ocrx_word' id='word_1_480' title='bbox 1779 2150 1923 2190; x_wconf 85' lang='lat' dir='ltr'>archipr.</span> <span class='ocrx_word' id='word_1_481' title='bbox 1944 2151 1984 2181; x_wconf 91' lang='lat' dir='ltr'>de</span> <span class='ocrx_word' id='word_1_482' title='bbox 2011 2151 2185 2190; x_wconf 86' lang='lat' dir='ltr'>Confignio</span> <span class='ocrx_word' id='word_1_483' title='bbox 2202 2160 2239 2182; x_wconf 88' lang='grc'>36</span> 
     </span>
     <span class='ocr_line' id='line_1_55' title="bbox 636 2203 2185 2246; baseline -0.001 -10"><span class='ocrx_word' id='word_1_484' title='bbox 636 2205 780 2246; x_wconf 87' lang='lat' dir='ltr'>plebano</span> <span class='ocrx_word' id='word_1_485' title='bbox 796 2205 836 2236; x_wconf 85' lang='lat' dir='ltr'>de</span> <span class='ocrx_word' id='word_1_486' title='bbox 849 2205 993 2236; x_wconf 85' lang='lat' dir='ltr'>Coltello</span> <span class='ocrx_word' id='word_1_487' title='bbox 1012 2204 1175 2245; x_wconf 80' lang='lat' dir='ltr'>plebium,</span> <span class='ocrx_word' id='word_1_488' title='bbox 1192 2204 1351 2235; x_wconf 88' lang='lat' dir='ltr'>Perusin.</span> <span class='ocrx_word' id='word_1_489' title='bbox 1367 2205 1400 2235; x_wconf 89' lang='lat' dir='ltr'>et</span> <span class='ocrx_word' id='word_1_490' title='bbox 1413 2203 1543 2235; x_wconf 86' lang='lat' dir='ltr'>Clusin.</span> <span class='ocrx_word' id='word_1_491' title='bbox 1560 2204 1603 2234; x_wconf 88' lang='lat' dir='ltr'>di.</span> <span class='ocrx_word' id='word_1_492' title='bbox 1621 2203 1672 2242; x_wconf 89' lang='lat' dir='ltr'>(A.</span> <span class='ocrx_word' id='word_1_493' title='bbox 1694 2205 1742 2241; x_wconf 88' lang='lat'>15,</span> <span class='ocrx_word' id='word_1_494' title='bbox 1763 2203 1785 2233; x_wconf 86' lang='lat' dir='ltr'>f.</span> <span class='ocrx_word' id='word_1_495' title='bbox 1802 2205 1841 2235; x_wconf 83' lang='lat'>59</span> <span class='ocrx_word' id='word_1_496' title='bbox 1856 2203 1886 2241; x_wconf 78' lang='lat' dir='ltr'>b;</span> <span class='ocrx_word' id='word_1_497' title='bbox 1910 2203 1941 2233; x_wconf 94' lang='lat' dir='ltr'>V.</span> <span class='ocrx_word' id='word_1_498' title='bbox 1959 2205 2008 2241; x_wconf 88' lang='lat'>72,</span> <span class='ocrx_word' id='word_1_499' title='bbox 2027 2213 2080 2244; x_wconf 89' lang='lat' dir='ltr'>ep.</span> <span class='ocrx_word' id='word_1_500' title='bbox 2099 2204 2185 2244; x_wconf 86' lang='lat'>728.)</span> 
     </span>
    </p>

    <p class='ocr_par' dir='ltr' id='par_1_22' title="bbox 635 2255 2238 2459">
     <span class='ocr_line' id='line_1_56' title="bbox 682 2255 2238 2299; baseline 0 -12"><span class='ocrx_word' id='word_1_501' title='bbox 682 2255 816 2287; x_wconf 72' lang='lat'>123611.</span> <span class='ocrx_word' id='word_1_502' title='bbox 837 2276 874 2281; x_wconf 94' lang='lat'>—</span> <span class='ocrx_word' id='word_1_503' title='bbox 891 2258 975 2299; x_wconf 75' lang='lat' dir='ltr'>May.</span> <span class='ocrx_word' id='word_1_504' title='bbox 995 2257 1174 2298; x_wconf 84' lang='lat' dir='ltr'>Napoleom&#39;</span> <span class='ocrx_word' id='word_1_505' title='bbox 1188 2257 1225 2287; x_wconf 85' lang='lat' dir='ltr'>de</span> <span class='ocrx_word' id='word_1_506' title='bbox 1239 2257 1315 2298; x_wconf 81' lang='lat' dir='ltr'>filiis</span> <span class='ocrx_word' id='word_1_507' title='bbox 1331 2255 1413 2293; x_wconf 83' lang='lat' dir='ltr'>Ursi,</span> <span class='ocrx_word' id='word_1_508' title='bbox 1428 2256 1547 2288; x_wconf 66' lang='lat' dir='ltr'>archid.</span> <span class='ocrx_word' id='word_1_509' title='bbox 1564 2256 1600 2287; x_wconf 82' lang='lat' dir='ltr'>de</span> <span class='ocrx_word' id='word_1_510' title='bbox 1615 2256 1779 2297; x_wconf 84' lang='lat' dir='ltr'>Campinia</span> <span class='ocrx_word' id='word_1_511' title='bbox 1795 2256 1952 2292; x_wconf 66' lang='lat' dir='ltr'>Leodien„</span> <span class='ocrx_word' id='word_1_512' title='bbox 1971 2257 2035 2287; x_wconf 86' lang='grc' dir='ltr'><strong>ΡΡ.</strong></span> <span class='ocrx_word' id='word_1_513' title='bbox 2056 2262 2133 2294; x_wconf 62' lang='lat' dir='ltr'>not„</span> <span class='ocrx_word' id='word_1_514' title='bbox 2150 2261 2178 2287; x_wconf 81' lang='lat' dir='ltr'>et</span> <span class='ocrx_word' id='word_1_515' title='bbox 2188 2267 2238 2287; x_wconf 80' lang='lat' dir='ltr'>ar-</span> 
     </span>
     <span class='ocr_line' id='line_1_57' title="bbox 637 2309 2237 2353; baseline -0.001 -10"><span class='ocrx_word' id='word_1_516' title='bbox 637 2312 750 2353; x_wconf 65' lang='lat' dir='ltr'>chipr„</span> <span class='ocrx_word' id='word_1_517' title='bbox 768 2322 804 2342; x_wconf 82' lang='lat' dir='ltr'>ae</span> <span class='ocrx_word' id='word_1_518' title='bbox 821 2311 938 2343; x_wconf 79' lang='lat' dir='ltr'>Jocmm·</span> <span class='ocrx_word' id='word_1_519' title='bbox 963 2310 1117 2352; x_wconf 72' lang='lat' dir='ltr'>Huyolini</span> <span class='ocrx_word' id='word_1_520' title='bbox 1143 2311 1180 2341; x_wconf 88' lang='lat' dir='ltr'>de</span> <span class='ocrx_word' id='word_1_521' title='bbox 1198 2309 1446 2351; x_wconf 81' lang='lat' dir='ltr'>Montesperello,</span> <span class='ocrx_word' id='word_1_522' title='bbox 1466 2320 1533 2340; x_wconf 81' lang='lat' dir='ltr'>can.</span> <span class='ocrx_word' id='word_1_523' title='bbox 1557 2310 1698 2341; x_wconf 77' lang='lat' dir='ltr'>Perusin.</span> <span class='ocrx_word' id='word_1_524' title='bbox 1719 2309 1804 2346; x_wconf 63' lang='lat' dir='ltr'>eccl„</span> <span class='ocrx_word' id='word_1_525' title='bbox 1826 2310 1937 2340; x_wconf 86' lang='lat' dir='ltr'>mand.</span> <span class='ocrx_word' id='word_1_526' title='bbox 1955 2312 1990 2341; x_wconf 85' lang='lat' dir='ltr'>ut</span> <span class='ocrx_word' id='word_1_527' title='bbox 2006 2310 2237 2350; x_wconf 83' lang='lat' dir='ltr'>Napoleonem</span> 
     </span>
     <span class='ocr_line' id='line_1_58' title="bbox 635 2363 2236 2403; baseline -0.001 -7"><span class='ocrx_word' id='word_1_528' title='bbox 635 2365 746 2397; x_wconf 89' lang='lat' dir='ltr'>filium</span> <span class='ocrx_word' id='word_1_529' title='bbox 765 2365 909 2396; x_wconf 80' lang='lat' dir='ltr'>Andreae</span> <span class='ocrx_word' id='word_1_530' title='bbox 926 2365 1027 2400; x_wconf 86' lang='lat' dir='ltr'>Tilis,</span> <span class='ocrx_word' id='word_1_531' title='bbox 1045 2365 1153 2395; x_wconf 87' lang='lat' dir='ltr'>civem</span> <span class='ocrx_word' id='word_1_532' title='bbox 1175 2363 1347 2401; x_wconf 86' lang='lat' dir='ltr'>Perusin.,</span> <span class='ocrx_word' id='word_1_533' title='bbox 1363 2363 1468 2403; x_wconf 86' lang='lat' dir='ltr'>recipi</span> <span class='ocrx_word' id='word_1_534' title='bbox 1489 2363 1613 2394; x_wconf 84' lang='lat' dir='ltr'>faciant</span> <span class='ocrx_word' id='word_1_535' title='bbox 1635 2363 1670 2393; x_wconf 86' lang='lat' dir='ltr'>in</span> <span class='ocrx_word' id='word_1_536' title='bbox 1685 2365 1829 2394; x_wconf 86' lang='lat' dir='ltr'>monast.</span> <span class='ocrx_word' id='word_1_537' title='bbox 1845 2371 1872 2393; x_wconf 90' lang='lat' dir='ltr'>s.</span> <span class='ocrx_word' id='word_1_538' title='bbox 1894 2363 1986 2394; x_wconf 89' lang='lat' dir='ltr'>Petri</span> <span class='ocrx_word' id='word_1_539' title='bbox 2007 2363 2177 2398; x_wconf 87' lang='lat' dir='ltr'>Perusin.,</span> <span class='ocrx_word' id='word_1_540' title='bbox 2197 2363 2236 2394; x_wconf 91' lang='lat' dir='ltr'>O.</span> 
     </span>
     <span class='ocr_line' id='line_1_59' title="bbox 635 2417 1301 2459; baseline -0.003 -9"><span class='ocrx_word' id='word_1_541' title='bbox 635 2419 668 2450; x_wconf 89' lang='lat' dir='ltr'>S.</span> <span class='ocrx_word' id='word_1_542' title='bbox 688 2419 725 2450; x_wconf 93' lang='lat' dir='ltr'>B.</span> <span class='ocrx_word' id='word_1_543' title='bbox 747 2418 799 2459; x_wconf 92' lang='lat' dir='ltr'>(A.</span> <span class='ocrx_word' id='word_1_544' title='bbox 819 2419 869 2455; x_wconf 83' lang='lat'>15,</span> <span class='ocrx_word' id='word_1_545' title='bbox 887 2418 909 2449; x_wconf 86' lang='lat' dir='ltr'>f.</span> <span class='ocrx_word' id='word_1_546' title='bbox 927 2419 1011 2454; x_wconf 69' lang='lat'>60³;</span> <span class='ocrx_word' id='word_1_547' title='bbox 1030 2417 1064 2448; x_wconf 88' lang='lat' dir='ltr'>V.</span> <span class='ocrx_word' id='word_1_548' title='bbox 1082 2419 1132 2454; x_wconf 87' lang='lat'>72,</span> <span class='ocrx_word' id='word_1_549' title='bbox 1146 2426 1198 2457; x_wconf 91' lang='lat' dir='ltr'>ep.</span> <span class='ocrx_word' id='word_1_550' title='bbox 1215 2418 1301 2457; x_wconf 83' lang='grc'><strong>729.)</strong></span> 
     </span>
    </p>

    <p class='ocr_par' dir='ltr' id='par_1_23' title="bbox 634 2466 2236 2672">
     <span class='ocr_line' id='line_1_60' title="bbox 682 2466 2236 2509; baseline -0.001 -9"><span class='ocrx_word' id='word_1_551' title='bbox 682 2469 816 2501; x_wconf 79' lang='grc'>12365.</span> <span class='ocrx_word' id='word_1_552' title='bbox 838 2489 876 2494; x_wconf 87' lang='grc'>-</span> <span class='ocrx_word' id='word_1_553' title='bbox 891 2471 1012 2503; x_wconf 88' lang='lat' dir='ltr'>Collat.</span> <span class='ocrx_word' id='word_1_554' title='bbox 1033 2479 1151 2502; x_wconf 87' lang='lat' dir='ltr'>canon.</span> <span class='ocrx_word' id='word_1_555' title='bbox 1171 2469 1235 2501; x_wconf 89' lang='lat' dir='ltr'>sub</span> <span class='ocrx_word' id='word_1_556' title='bbox 1255 2478 1352 2509; x_wconf 88' lang='lat' dir='ltr'>exsp.</span> <span class='ocrx_word' id='word_1_557' title='bbox 1372 2469 1475 2509; x_wconf 88' lang='lat' dir='ltr'>praeb.</span> <span class='ocrx_word' id='word_1_558' title='bbox 1497 2468 1577 2499; x_wconf 89' lang='grc'>6661.</span> <span class='ocrx_word' id='word_1_559' title='bbox 1597 2468 1773 2499; x_wconf 89' lang='lat' dir='ltr'>Tudertin.</span> <span class='ocrx_word' id='word_1_560' title='bbox 1798 2467 1939 2498; x_wconf 80' lang='lat' dir='ltr'>Bandino</span> <span class='ocrx_word' id='word_1_561' title='bbox 1959 2466 2138 2503; x_wconf 76' lang='grc' dir='ltr'>Μανιείῐαεί,</span> <span class='ocrx_word' id='word_1_562' title='bbox 2160 2476 2236 2498; x_wconf 89' lang='lat' dir='ltr'>cum</span> 
     </span>
     <span class='ocr_line' id='line_1_61' title="bbox 636 2520 2231 2565; baseline -0.004 -9"><span class='ocrx_word' id='word_1_563' title='bbox 636 2533 703 2565; x_wconf 88' lang='lat' dir='ltr'>quo</span> <span class='ocrx_word' id='word_1_564' title='bbox 717 2525 817 2556; x_wconf 90' lang='lat' dir='ltr'>hodie</span> <span class='ocrx_word' id='word_1_565' title='bbox 834 2533 936 2564; x_wconf 89' lang='lat' dir='ltr'>super</span> <span class='ocrx_word' id='word_1_566' title='bbox 951 2524 1084 2555; x_wconf 83' lang='lat' dir='ltr'>defectu</span> <span class='ocrx_word' id='word_1_567' title='bbox 1097 2523 1264 2554; x_wconf 87' lang='lat' dir='ltr'>natalium</span> <span class='ocrx_word' id='word_1_568' title='bbox 1285 2522 1353 2553; x_wconf 87' lang='grc' dir='ltr'>ΡΡ.</span> <span class='ocrx_word' id='word_1_569' title='bbox 1372 2522 1559 2562; x_wconf 87' lang='lat' dir='ltr'>dispensat.</span> <span class='ocrx_word' id='word_1_570' title='bbox 1580 2539 1616 2544; x_wconf 89' lang='lat'>-—</span> <span class='ocrx_word' id='word_1_571' title='bbox 1632 2521 1658 2551; x_wconf 91' lang='lat' dir='ltr'>I.</span> <span class='ocrx_word' id='word_1_572' title='bbox 1679 2529 1707 2551; x_wconf 89' lang='lat' dir='ltr'>e.</span> <span class='ocrx_word' id='word_1_573' title='bbox 1727 2529 1772 2552; x_wconf 87' lang='lat' dir='ltr'>m.</span> <span class='ocrx_word' id='word_1_574' title='bbox 1792 2529 1818 2551; x_wconf 88' lang='lat' dir='ltr'>s.</span> <span class='ocrx_word' id='word_1_575' title='bbox 1842 2520 2021 2551; x_wconf 86' lang='lat' dir='ltr'>Trinitatis</span> <span class='ocrx_word' id='word_1_576' title='bbox 2037 2520 2077 2551; x_wconf 93' lang='lat' dir='ltr'>de</span> <span class='ocrx_word' id='word_1_577' title='bbox 2097 2520 2231 2559; x_wconf 86' lang='lat' dir='ltr'>Pregio,</span> 
     </span>
     <span class='ocr_line' id='line_1_62' title="bbox 635 2573 2235 2616; baseline -0.004 -7"><span class='ocrx_word' id='word_1_578' title='bbox 635 2578 795 2609; x_wconf 87' lang='lat' dir='ltr'>Perusin.</span> <span class='ocrx_word' id='word_1_579' title='bbox 814 2578 875 2615; x_wconf 89' lang='lat' dir='ltr'>di.,</span> <span class='ocrx_word' id='word_1_580' title='bbox 892 2579 924 2609; x_wconf 88' lang='lat' dir='ltr'>et</span> <span class='ocrx_word' id='word_1_581' title='bbox 940 2586 968 2608; x_wconf 90' lang='lat' dir='ltr'>s.</span> <span class='ocrx_word' id='word_1_582' title='bbox 983 2577 1100 2608; x_wconf 86' lang='lat' dir='ltr'>Jacobi</span> <span class='ocrx_word' id='word_1_583' title='bbox 1117 2585 1222 2616; x_wconf 89' lang='lat' dir='ltr'>prope</span> <span class='ocrx_word' id='word_1_584' title='bbox 1238 2584 1355 2606; x_wconf 91' lang='lat' dir='ltr'>muros</span> <span class='ocrx_word' id='word_1_585' title='bbox 1373 2574 1529 2606; x_wconf 89' lang='lat' dir='ltr'>Perusin.</span> <span class='ocrx_word' id='word_1_586' title='bbox 1547 2573 1733 2613; x_wconf 84' lang='lat' dir='ltr'>prioribus,</span> <span class='ocrx_word' id='word_1_587' title='bbox 1750 2581 1787 2604; x_wconf 88' lang='lat' dir='ltr'>ac</span> <span class='ocrx_word' id='word_1_588' title='bbox 1808 2582 1910 2613; x_wconf 82' lang='lat' dir='ltr'>praep.</span> <span class='ocrx_word' id='word_1_589' title='bbox 1930 2573 2008 2604; x_wconf 85' lang='lat' dir='ltr'>eccl.</span> <span class='ocrx_word' id='word_1_590' title='bbox 2026 2573 2235 2603; x_wconf 85' lang='lat' dir='ltr'>Avenionen.</span> 
     </span>
     <span class='ocr_line' id='line_1_63' title="bbox 634 2629 1221 2672; baseline -0.003 -10"><span class='ocrx_word' id='word_1_591' title='bbox 634 2631 689 2672; x_wconf 87' lang='lat' dir='ltr'>(A.</span> <span class='ocrx_word' id='word_1_592' title='bbox 706 2633 755 2668; x_wconf 85' lang='lat'>15,</span> <span class='ocrx_word' id='word_1_593' title='bbox 772 2631 796 2662; x_wconf 86' lang='lat' dir='ltr'>f.</span> <span class='ocrx_word' id='word_1_594' title='bbox 817 2632 874 2662; x_wconf 84' lang='lat'>112</span> <span class='ocrx_word' id='word_1_595' title='bbox 891 2636 924 2668; x_wconf 69' lang='grc' dir='ltr'>ε·;</span> <span class='ocrx_word' id='word_1_596' title='bbox 944 2629 978 2660; x_wconf 93' lang='lat' dir='ltr'>V.</span> <span class='ocrx_word' id='word_1_597' title='bbox 996 2631 1048 2667; x_wconf 89' lang='lat'>72,</span> <span class='ocrx_word' id='word_1_598' title='bbox 1065 2638 1116 2670; x_wconf 90' lang='lat' dir='ltr'>ep.</span> <span class='ocrx_word' id='word_1_599' title='bbox 1134 2629 1221 2668; x_wconf 85' lang='lat'>832.)</span> 
     </span>
    </p>

    <p class='ocr_par' dir='ltr' id='par_1_24' title="bbox 634 2678 2234 2829">
     <span class='ocr_line' id='line_1_64' title="bbox 681 2678 2231 2723; baseline -0.003 -10"><span class='ocrx_word' id='word_1_600' title='bbox 681 2682 816 2713; x_wconf 81' lang='grc'><strong>12366.</strong></span> <span class='ocrx_word' id='word_1_601' title='bbox 837 2700 875 2706; x_wconf 96' lang='grc'>-</span> <span class='ocrx_word' id='word_1_602' title='bbox 890 2684 1049 2723; x_wconf 89' lang='lat' dir='ltr'>Dispens.</span> <span class='ocrx_word' id='word_1_603' title='bbox 1068 2691 1171 2722; x_wconf 89' lang='lat' dir='ltr'>super</span> <span class='ocrx_word' id='word_1_604' title='bbox 1185 2684 1219 2713; x_wconf 73' lang='lat'>4⁰</span> <span class='ocrx_word' id='word_1_605' title='bbox 1232 2680 1452 2720; x_wconf 84' lang='lat' dir='ltr'>consanguin.</span> <span class='ocrx_word' id='word_1_606' title='bbox 1470 2680 1575 2719; x_wconf 88' lang='lat' dir='ltr'>gradu</span> <span class='ocrx_word' id='word_1_607' title='bbox 1591 2679 1626 2709; x_wconf 90' lang='lat' dir='ltr'>in</span> <span class='ocrx_word' id='word_1_608' title='bbox 1643 2678 1790 2709; x_wconf 87' lang='lat' dir='ltr'>matrim.</span> <span class='ocrx_word' id='word_1_609' title='bbox 1809 2678 2035 2709; x_wconf 87' lang='lat' dir='ltr'>contrahendo</span> <span class='ocrx_word' id='word_1_610' title='bbox 2049 2678 2137 2709; x_wconf 89' lang='lat' dir='ltr'>inter</span> <span class='ocrx_word' id='word_1_611' title='bbox 2153 2688 2184 2708; x_wconf 79' lang='lat' dir='ltr'>n.</span> <span class='ocrx_word' id='word_1_612' title='bbox 2202 2687 2231 2708; x_wconf 86' lang='lat' dir='ltr'>v.</span> 
     </span>
     <span class='ocr_line' id='line_1_65' title="bbox 634 2730 2234 2774; baseline -0.005 -6"><span class='ocrx_word' id='word_1_613' title='bbox 634 2738 780 2769; x_wconf 79' lang='lat' dir='ltr'>Jacobum</span> <span class='ocrx_word' id='word_1_614' title='bbox 795 2737 892 2774; x_wconf 78' lang='lat' dir='ltr'>lilium</span> <span class='ocrx_word' id='word_1_615' title='bbox 910 2735 1035 2767; x_wconf 73' lang='lat' dir='ltr'>Nicolai</span> <span class='ocrx_word' id='word_1_616' title='bbox 1049 2735 1085 2766; x_wconf 87' lang='lat' dir='ltr'>cle</span> <span class='ocrx_word' id='word_1_617' title='bbox 1104 2734 1267 2766; x_wconf 83' lang='lat' dir='ltr'>Anibaldis</span> <span class='ocrx_word' id='word_1_618' title='bbox 1285 2739 1314 2764; x_wconf 80' lang='lat' dir='ltr'>et</span> <span class='ocrx_word' id='word_1_619' title='bbox 1330 2733 1534 2773; x_wconf 65' lang='lat' dir='ltr'>Margaritam</span> <span class='ocrx_word' id='word_1_620' title='bbox 1549 2731 1648 2771; x_wconf 85' lang='lat' dir='ltr'>filiam</span> <span class='ocrx_word' id='word_1_621' title='bbox 1669 2741 1700 2762; x_wconf 83' lang='grc' dir='ltr'>η.</span> <span class='ocrx_word' id='word_1_622' title='bbox 1717 2741 1744 2761; x_wconf 90' lang='grc' dir='ltr'>υ.</span> <span class='ocrx_word' id='word_1_623' title='bbox 1774 2730 1799 2760; x_wconf 93' lang='lat' dir='ltr'><em>T</em></span> <span class='ocrx_word' id='word_1_624' title='bbox 1798 2730 1928 2761; x_wconf 79' lang='lat' dir='ltr'>hebaudi</span> <span class='ocrx_word' id='word_1_625' title='bbox 1949 2730 1985 2761; x_wconf 86' lang='lat' dir='ltr'>de</span> <span class='ocrx_word' id='word_1_626' title='bbox 2005 2730 2178 2767; x_wconf 79' lang='lat' dir='ltr'>Anibaldis,</span> <span class='ocrx_word' id='word_1_627' title='bbox 2197 2730 2234 2761; x_wconf 81' lang='lat' dir='ltr'>de</span> 
     </span>
     <span class='ocr_line' id='line_1_66' title="bbox 639 2786 1359 2829; baseline -0.008 -8"><span class='ocrx_word' id='word_1_628' title='bbox 639 2790 729 2822; x_wconf 87' lang='lat' dir='ltr'>Urbe.</span> <span class='ocrx_word' id='word_1_629' title='bbox 746 2790 798 2829; x_wconf 79' lang='lat' dir='ltr'>(A.</span> <span class='ocrx_word' id='word_1_630' title='bbox 817 2791 866 2827; x_wconf 89' lang='grc'>15,</span> <span class='ocrx_word' id='word_1_631' title='bbox 883 2789 906 2820; x_wconf 89' lang='lat' dir='ltr'>f.</span> <span class='ocrx_word' id='word_1_632' title='bbox 927 2790 986 2820; x_wconf 88' lang='grc'>203</span> <span class='ocrx_word' id='word_1_633' title='bbox 1005 2789 1034 2825; x_wconf 60' lang='grc'>1),</span> <span class='ocrx_word' id='word_1_634' title='bbox 1063 2787 1093 2819; x_wconf 87' lang='lat' dir='ltr'>V.</span> <span class='ocrx_word' id='word_1_635' title='bbox 1113 2789 1163 2824; x_wconf 82' lang='lat'>72,</span> <span class='ocrx_word' id='word_1_636' title='bbox 1183 2796 1235 2826; x_wconf 88' lang='lat' dir='ltr'>ep.</span> <span class='ocrx_word' id='word_1_637' title='bbox 1253 2786 1359 2826; x_wconf 85' lang='grc'>1106.)</span> 
     </span>
    </p>

    <p class='ocr_par' dir='ltr' id='par_1_25' title="bbox 635 2836 2235 3038">
     <span class='ocr_line' id='line_1_67' title="bbox 681 2836 2232 2880; baseline -0.003 -8"><span class='ocrx_word' id='word_1_638' title='bbox 681 2840 816 2872; x_wconf 79' lang='grc'>12367.</span> <span class='ocrx_word' id='word_1_639' title='bbox 841 2859 878 2864; x_wconf 93' lang='grc'><strong>-</strong></span> <span class='ocrx_word' id='word_1_640' title='bbox 896 2842 1014 2873; x_wconf 84' lang='lat' dir='ltr'>Gratia</span> <span class='ocrx_word' id='word_1_641' title='bbox 1030 2849 1126 2880; x_wconf 88' lang='lat' dir='ltr'>exsp.</span> <span class='ocrx_word' id='word_1_642' title='bbox 1145 2839 1256 2871; x_wconf 83' lang='lat' dir='ltr'>benef.</span> <span class='ocrx_word' id='word_1_643' title='bbox 1274 2848 1301 2870; x_wconf 91' lang='lat' dir='ltr'>s.</span> <span class='ocrx_word' id='word_1_644' title='bbox 1319 2847 1361 2876; x_wconf 88' lang='grc'>6.,</span> <span class='ocrx_word' id='word_1_645' title='bbox 1376 2839 1409 2869; x_wconf 91' lang='lat' dir='ltr'>in</span> <span class='ocrx_word' id='word_1_646' title='bbox 1425 2838 1516 2869; x_wconf 86' lang='lat' dir='ltr'>civit.</span> <span class='ocrx_word' id='word_1_647' title='bbox 1535 2837 1588 2868; x_wconf 89' lang='lat' dir='ltr'>vel</span> <span class='ocrx_word' id='word_1_648' title='bbox 1605 2837 1652 2867; x_wconf 91' lang='lat' dir='ltr'>di.</span> <span class='ocrx_word' id='word_1_649' title='bbox 1669 2836 1888 2876; x_wconf 67' lang='lat' dir='ltr'>Aquinatem,</span> <span class='ocrx_word' id='word_1_650' title='bbox 1911 2836 2032 2876; x_wconf 88' lang='lat' dir='ltr'>pertin.</span> <span class='ocrx_word' id='word_1_651' title='bbox 2053 2837 2094 2867; x_wconf 92' lang='lat' dir='ltr'>ad</span> <span class='ocrx_word' id='word_1_652' title='bbox 2119 2836 2232 2869; x_wconf 82' lang='lat' dir='ltr'>collat.</span> 
     </span>
     <span class='ocr_line' id='line_1_68' title="bbox 636 2889 2235 2935; baseline -0.005 -8"><span class='ocrx_word' id='word_1_653' title='bbox 636 2895 716 2935; x_wconf 86' lang='lat' dir='ltr'>ep.i,</span> <span class='ocrx_word' id='word_1_654' title='bbox 735 2896 787 2935; x_wconf 91' lang='lat'>(10</span> <span class='ocrx_word' id='word_1_655' title='bbox 809 2903 884 2925; x_wconf 87' lang='lat' dir='ltr'>unc.</span> <span class='ocrx_word' id='word_1_656' title='bbox 905 2893 1004 2933; x_wconf 89' lang='lat' dir='ltr'>auri),</span> <span class='ocrx_word' id='word_1_657' title='bbox 1019 2893 1136 2924; x_wconf 82' lang='lat' dir='ltr'>Joanm·</span> <span class='ocrx_word' id='word_1_658' title='bbox 1149 2892 1323 2928; x_wconf 76' lang='lat' dir='ltr'>Laurentii,</span> <span class='ocrx_word' id='word_1_659' title='bbox 1339 2891 1418 2922; x_wconf 89' lang='lat' dir='ltr'>cler.</span> <span class='ocrx_word' id='word_1_660' title='bbox 1433 2890 1629 2926; x_wconf 87' lang='lat' dir='ltr'>Velletren.,</span> <span class='ocrx_word' id='word_1_661' title='bbox 1644 2889 1806 2929; x_wconf 88' lang='lat' dir='ltr'>jurisper.</span> <span class='ocrx_word' id='word_1_662' title='bbox 1823 2905 1863 2911; x_wconf 91' lang='lat'>—</span> <span class='ocrx_word' id='word_1_663' title='bbox 1884 2889 1913 2919; x_wconf 92' lang='lat' dir='ltr'>I.</span> <span class='ocrx_word' id='word_1_664' title='bbox 1933 2897 1961 2919; x_wconf 89' lang='lat' dir='ltr'>e.</span> <span class='ocrx_word' id='word_1_665' title='bbox 1979 2897 2024 2919; x_wconf 87' lang='lat' dir='ltr'>m.</span> <span class='ocrx_word' id='word_1_666' title='bbox 2043 2889 2148 2928; x_wconf 89' lang='lat' dir='ltr'>priori</span> <span class='ocrx_word' id='word_1_667' title='bbox 2171 2898 2235 2920; x_wconf 81' lang='lat' dir='ltr'>sae-</span> 
     </span>
     <span class='ocr_line' id='line_1_69' title="bbox 636 2941 2235 2984; baseline -0.003 -5"><span class='ocrx_word' id='word_1_668' title='bbox 636 2948 702 2980; x_wconf 87' lang='lat' dir='ltr'>cul.</span> <span class='ocrx_word' id='word_1_669' title='bbox 721 2956 748 2978; x_wconf 90' lang='lat' dir='ltr'>s.</span> <span class='ocrx_word' id='word_1_670' title='bbox 765 2947 907 2978; x_wconf 85' lang='lat' dir='ltr'>Joannis</span> <span class='ocrx_word' id='word_1_671' title='bbox 929 2947 969 2978; x_wconf 89' lang='lat' dir='ltr'>de</span> <span class='ocrx_word' id='word_1_672' title='bbox 990 2946 1258 2982; x_wconf 85' lang='lat' dir='ltr'>Vallemontone,</span> <span class='ocrx_word' id='word_1_673' title='bbox 1289 2944 1418 2984; x_wconf 82' lang='lat' dir='ltr'>Signin.</span> <span class='ocrx_word' id='word_1_674' title='bbox 1438 2942 1498 2980; x_wconf 88' lang='lat' dir='ltr'>di.,</span> <span class='ocrx_word' id='word_1_675' title='bbox 1520 2943 1553 2973; x_wconf 83' lang='lat' dir='ltr'>et</span> <span class='ocrx_word' id='word_1_676' title='bbox 1570 2942 1714 2973; x_wconf 83' lang='lat' dir='ltr'>Andreae</span> <span class='ocrx_word' id='word_1_677' title='bbox 1728 2942 1769 2973; x_wconf 88' lang='lat' dir='ltr'>de</span> <span class='ocrx_word' id='word_1_678' title='bbox 1785 2942 1889 2979; x_wconf 83' lang='lat' dir='ltr'>Setia,</span> <span class='ocrx_word' id='word_1_679' title='bbox 1912 2941 2176 2980; x_wconf 71' lang='lat' dir='ltr'>Ferentinaten„</span> <span class='ocrx_word' id='word_1_680' title='bbox 2198 2951 2235 2974; x_wconf 89' lang='grc'>36</span> 
     </span>
     <span class='ocr_line' id='line_1_70' title="bbox 635 2994 1942 3038; baseline -0.007 -6"><span class='ocrx_word' id='word_1_681' title='bbox 635 3000 776 3032; x_wconf 90' lang='lat' dir='ltr'>Nicolao</span> <span class='ocrx_word' id='word_1_682' title='bbox 788 2999 984 3036; x_wconf 84' lang='lat' dir='ltr'>Zaffarellae,</span> <span class='ocrx_word' id='word_1_683' title='bbox 1001 2998 1132 3038; x_wconf 87' lang='lat' dir='ltr'>Signin.</span> <span class='ocrx_word' id='word_1_684' title='bbox 1149 3006 1222 3029; x_wconf 89' lang='lat' dir='ltr'>can.</span> <span class='ocrx_word' id='word_1_685' title='bbox 1240 2997 1321 3028; x_wconf 85' lang='lat' dir='ltr'>eccl.</span> <span class='ocrx_word' id='word_1_686' title='bbox 1339 2996 1391 3036; x_wconf 85' lang='lat' dir='ltr'>(A.</span> <span class='ocrx_word' id='word_1_687' title='bbox 1414 2997 1462 3034; x_wconf 83' lang='lat'>15,</span> <span class='ocrx_word' id='word_1_688' title='bbox 1480 2995 1503 3025; x_wconf 90' lang='lat' dir='ltr'>f.</span> <span class='ocrx_word' id='word_1_689' title='bbox 1521 2996 1580 3026; x_wconf 79' lang='lat'>409</span> <span class='ocrx_word' id='word_1_690' title='bbox 1597 3000 1628 3031; x_wconf 72' lang='lat'>³:</span> <span class='ocrx_word' id='word_1_691' title='bbox 1653 2994 1686 3027; x_wconf 88' lang='lat' dir='ltr'>V.</span> <span class='ocrx_word' id='word_1_692' title='bbox 1702 2996 1750 3031; x_wconf 89' lang='grc'>72,</span> <span class='ocrx_word' id='word_1_693' title='bbox 1767 3003 1820 3034; x_wconf 89' lang='lat' dir='ltr'>ep.</span> <span class='ocrx_word' id='word_1_694' title='bbox 1839 2995 1942 3033; x_wconf 76' lang='grc'>1407.)</span> 
     </span>
    </p>
   </div>
  </div>
 </body>
</html>
