2566 3562
362 328 422 358 200

390 416 495 443 Datum
517 408 701 443 Avenione.

441 516 482 543 20
497 518 550 543 oct.
570 513 647 541 1320

431 562 497 594 (xm
514 558 572 586 kal.
587 557 667 592 nov.)

479 604 509 631 T.
526 602 622 630 XVIII.

506 677 542 705 Ut
563 686 586 705 s,

455 723 486 750 T.
504 723 550 756 XI,
566 721 637 749 XIII.

506 1001 540 1029 Ut
560 1010 584 1030 s,

439 1220 474 1248 21
492 1223 545 1248 oct.
565 1219 653 1247 1320.

429 1267 485 1301 (ΧΠ
505 1264 564 1292 kal.
577 1266 655 1299 nov.)

473 1310 504 1337 T.
522 1310 615 1337 XXIV.

509 1438 543 1466 Ut
557 1446 581 1465 s.

456 1483 487 1510 Τ.
501 1483 547 1516 ΧΙ,
563 1483 635 1510 XIII.

510 1711 545 1740 Ut
562 1721 585 1739 s.

452 1758 483 1785 T.
503 1757 550 1791 xl,
567 1757 640 1785 xm.

439 1825 480 1852 22
495 1828 549 1852 oct.
570 1824 656 1852 1320.

442 1874 484 1905 (xi
503 1869 561 1897 kal.
581 1869 658 1900 nov.)

438 1936 477 1963 23
498 1939 550 1963 oct.
569 1935 657 1962 1320.

451 1984 480 2016 (x
495 1980 554 2007 kal.
572 1979 648 2013 nov.)

493 2026 523 2052 T.
544 2026 603 2053 XII.

512 2088 548 2115 Ut
565 2097 587 2115 s.

494 2133 524 2159 T.
545 2132 599 2159 XL.

440 2252 481 2280 24
497 2257 550 2281 oct.
571 2253 658 2282 1320.

444 2301 486 2333 (1x
501 2297 559 2325 kal.
580 2299 659 2334 nov.)

454 2343 484 2370 T.
503 2344 562 2376 XII,
578 2344 647 2370 XlV.

510 2419 545 2447 Ut
562 2428 587 2447 s.

512 2640 549 2670 Ut
563 2649 587 2671 s·

449 2688 479 2715 T.
501 2688 560 2721 ΧΠ,
579 2686 648 2713 xw.

512 2753 548 2781 Ut
563 2761 586 2780 s.

449 2798 480 2825 T.
501 2798 560 2831 Xll,
581 2797 651 2824 XlV.

442 2917 482 2944 25
500 2920 552 2944 oct.
575 2917 662 2949 1320,

432 2962 499 2996 (vm
514 2961 571 2988 kal.
587 2963 666 2995 nov.)

497 3006 527 3032 T.
548 3006 603 3032 XX.

761 321 934 354 JOANNIS
957 320 1076 352 PAPAE
1097 320 1200 352 XXII.
1223 323 1473 361 (1310-1334).
1495 338 1534 344 —
1555 320 1742 352 LITTERAE
1763 320 1989 353 COMMUNES

838 509 973 542 12495.
993 529 1031 535 —
1047 511 1143 543 Heliae
1155 511 1358 553 Talayrandi,
1372 511 1410 543 de
1424 511 1614 553 Ρειναρονὶε,
1631 511 1758 544 archid.
1778 511 1987 544 Londonien.
2001 512 2035 544 et
2049 511 2245 552 primicerio
2260 511 2386 545 Meten.

791 566 886 603 eccl„
902 566 1065 606 indulget.
1084 567 1121 597 ut
1138 574 1247 606 usque
1262 565 1304 597 ad
1319 565 1589 607 quinquennium
1602 565 1691 606 juris
1708 564 1800 598 civil.
1814 564 1928 597 studio
1945 564 2105 597 insistere
2120 565 2244 598 valeat.
2259 565 2315 604 (A.
2336 568 2388 604 14,

792 619 814 651 f.
832 621 889 651 153
906 618 937 657 b;
958 618 992 651 V.
1009 620 1060 657 71,
1079 628 1132 659 ep.
1150 618 1238 659 2⁴4.)

838 674 974 707 12496.
994 693 1032 699 -
1046 676 1164 708 Gratia
1178 685 1274 716 exsp.
1292 676 1476 717 prioratus,
1496 676 1702 715 administr.,
1718 675 1773 708 vel
1793 676 1850 708 off.
1868 677 1926 708 aut
1942 675 2053 708 benef.
2071 685 2100 709 c.
2116 685 2145 708 0.
2169 675 2222 708 vel
2240 685 2269 709 s.
2286 685 2330 715 0.,
2345 676 2388 708 ad

792 730 868 762 abb.
888 732 920 762 et
937 739 1033 762 conv,
1058 731 1204 762 monast.
1225 739 1253 762 s.
1272 730 1424 762 Victoris
1440 729 1644 768 Massilien.‚
1662 730 1703 762 O.
1727 730 1762 762 S.
1779 730 1831 766 B.,
1853 729 1895 761 ud
1914 730 1955 762 R.
1978 729 2018 761 E.
2038 729 2133 762 nullo
2151 729 2264 762 medlo
2283 729 2389 770 perti·

791 784 916 822 nentis,
930 784 1042 815 collat.
1059 784 1257 824 spectantis,
1271 784 1343 823 (100
1357 783 1445 823 1.t.),
1458 784 1492 815 et
1506 783 1660 815 consueti
1675 782 1718 815 ab
1732 782 1815 815 olim
1832 791 1892 823 per
1905 782 2018 823 ipsius
2033 783 2178 815 monast.
2190 791 2281 815 mon.
2294 781 2388 824 gub„

791 837 953 870 Guillelmo
973 837 1127 878 Jurqueei,
1149 836 1231 869 dicti
1247 838 1391 869 monast.
1411 845 1503 868 mon.
1517 854 1558 860 —
1573 837 1600 868 Ι.
1617 845 1647 868 e.
1666 845 1713 868 m.
1728 836 1880 868 sacristae
1900 836 2118 875 Avinionen.,
2135 837 2169 868 et
2184 835 2334 868 Imberto
2348 835 2390 868 de

790 891 1011 928 Bellocastro,
1027 890 1175 928 Albien.,
1194 899 1232 922 ac
1242 890 1416 922 Bernardo
1431 890 1473 922 de
1489 889 1708 925 Martinhaco‚
1726 889 1917 922 Ruthenen.
1931 898 2004 921 can.
2019 889 2101 922 eccl.
2115 889 2168 929 (A.
2183 891 2234 926 15,
2246 889 2271 921 f.
2286 890 2347 922 273
2358 887 2407 927 ”;’

795 945 830 976 V.
850 946 900 982 72,
923 953 976 985 ep.
995 946 1098 983 1127.)

837 999 971 1032 12197.
989 1018 1029 1024 -
1041 1002 1163 1034 Collat.
1180 1010 1298 1033 canon.
1317 1000 1491 1042 sub'exsp.
1507 1000 1610 1042 praeb.
1631 1001 1712 1032 eccl.
1729 1000 1908 1032 Ehroicen.
1928 1001 2021 1032 Petro
2034 999 2209 1042 Anquetilli
2224 999 2263 1031 de
2274 999 2387 1031 Monti-

790 1055 855 1092 bus,
882 1055 1005 1087 rectori
1033 1054 1169 1095 paroch.
1189 1055 1268 1086 eccl.
1288 1055 1328 1087 de
1350 1055 1460 1092 Rivis,
1481 1054 1727 1095 Appamiarum
1743 1054 1789 1085 di.
1807 1072 1847 1078 -
1867 1054 1895 1086 I.
1915 1062 1945 1086 e.
1963 1063 2008 1086 m.
2026 1053 2153 1086 archid.
2170 1053 2212 1086 de
2227 1053 2390 1086 carrione

789 1109 972 1147 Palentin.,
1000 1110 1033 1141 et
1058 1109 1161 1141 Petro
1183 1108 1362 1140 Durbanni
1388 1117 1426 1140 ac
1446 1108 1584 1148 Hugoni
1606 1107 1751 1146 Artaldi‚
1778 1116 1854 1139 can.
1877 1107 2126 1148 Appamiarum
2151 1106 2233 1140 eccl.
2262 1107 2317 1146 (A.
2341 1107 2392 1144 ¹⁸,

791 1163 814 1194 f.
834 1164 894 1195 475
911 1168 940 1200 ἰ;
962 1162 996 1194 V.
1012 1164 1061 1199 72,
1080 1171 1132 1202 ep.
1151 1163 1255 1202 1546.)

837 1218 971 1251 12198.
989 1238 1027 1244 -
1042 1220 1216 1251 Berlrando
1233 1219 1281 1259 [de
1297 1220 1406 1261 Turre]
1420 1219 1578 1261 archiep.o
1591 1218 1782 1250 Salernitan.
1799 1218 2045 1251 testimoniales
2060 1219 2245 1250 consecrat.
2257 1226 2318 1259 per
2329 1217 2392 1250 Be·

791 1275 987 1315 rengarium
1013 1283 1127 1314 ep.um
1151 1274 1311 1305 Portuen.
1335 1273 1404 1314 ipsi
1423 1273 1598 1314 impensae,
1627 1274 1660 1305 et
1685 1272 1930 1313 assignationis
1953 1271 2057 1312 pallei
2075 1279 2137 1312 per
2160 1271 2393 1312 Napoleonem

791 1337 819 1360 s.
836 1328 991 1366 Adriani,
1010 1327 1173 1359 Jacobum
1190 1336 1218 1359 s.
1237 1327 1375 1368 Georgii
1390 1327 1433 1358 ad
1447 1326 1561 1359 velum
1579 1334 1732 1364 aureum,
1746 1325 1936 1358 Arnaldum
1948 1325 1983 1357 S.
2000 1325 2046 1357 M.
2063 1325 2099 1356 in
2113 1325 2252 1357 Porticu
2265 1325 2299 1357 et
2311 1323 2390 1357 Ber·

791 1382 950 1414 trandum
965 1382 1000 1414 S.
1018 1381 1063 1413 M.
1081 1381 1115 1412 in
1133 1380 1263 1421 Aquiro
1281 1380 1367 1412 diac.
1388 1380 1480 1412 card.
1493 1380 1562 1420 ipsi
1579 1379 1735 1412 exhibiti.
1752 1379 1808 1420 (A.
1826 1380 1876 1416 14,
1894 1378 1918 1410 f.
1933 1380 1973 1411 65
1988 1377 2019 1417 1>;
2040 1378 2077 1410 V.
2092 1379 2144 1416 71,
2158 1387 2212 1418 ep.
2225 1379 2291 1418 59.)

838 1437 973 1470 12499.
991 1456 1030 1462 -
1048 1439 1217 1480 Raynerio,
1235 1443 1308 1469 nato
1322 1437 1436 1480 quand.
1451 1437 1610 1478 Bonifacii
1630 1437 1776 1468 Silveslri
1799 1437 1948 1479 Raynerii
1968 1435 2067 1474 Gaui,
2085 1436 2166 1470 cler.
2182 1434 2392 1473 viterbien„

792 1494 901 1535 gratia
921 1502 1018 1534 exsp.
1033 1493 1145 1524 benef.
1162 1502 1189 1524 0.
1212 1501 1238 1523 0.
1262 1492 1316 1524 vel
1337 1501 1366 1524 s.
1384 1501 1412 1523 0.
1431 1491 1567 1524 etiamsi
1585 1491 1677 1532 dign.
1702 1491 1755 1523 vel
1777 1491 1981 1531 personatus
2001 1489 2127 1522 existat
2142 1489 2179 1521 in
2203 1488 2392 1522 viterbien.

792 1549 845 1579 vel
862 1548 1051 1579 Tuscanen.
1069 1546 1237 1582 ecclesiis,
1258 1546 1300 1577 ad
1319 1546 1563 1586 quuscumque
1579 1545 1692 1576 collat.
1709 1545 1833 1584 pertin.
1849 1562 1888 1567 —
1900 1544 1929 1575 Ι.
1944 1552 1974 1575 e.
1992 1552 2039 1575 m.
2057 1551 2085 1575 s.
2103 1542 2265 1583 Stephani
2278 1542 2394 1576 viter—

791 1601 882 1633 bien.
900 1604 932 1633 et
953 1601 987 1632 S.
1005 1601 1051 1632 M.
1073 1601 1113 1632 de
1133 1599 1294 1635 Castello,
1314 1599 1355 1631 de
1373 1599 1530 1637 Corneto,
1547 1597 1738 1631 viterbien.
1757 1599 1790 1630 et
1805 1598 1995 1630 Tuscanen.
2013 1596 2073 1635 di.,
2093 1595 2266 1637 prioribus
2287 1603 2395 1628 saecu-

792 1655 929 1691 larium,
945 1663 983 1686 ac
996 1662 1099 1694 praep.
1117 1654 1306 1685 Massilien.
1326 1653 1406 1685 eccl.
1428 1652 1483 1694 (A.
1501 1654 1550 1691 14,
1569 1651 1592 1684 f.
1611 1653 1669 1684 185
1687 1651 1718 1690 ¹³3
1741 1650 1774 1683 V.
1792 1653 1842 1688 71,
1858 1660 1911 1691 ep.
1926 1650 2011 1690 399.)

839 1710 975 1742 12500.
1002 1731 1040 1735 -
1061 1711 1139 1743 Eid.
1161 1712 1274 1743 collat.
1300 1718 1420 1743 canon.
1442 1710 1506 1742 sub
1524 1719 1621 1750 exsp.
1640 1709 1743 1750 praeb.
1767 1709 1849 1741 eccl.
1872 1708 2061 1741 Viterbien.
2081 1725 2120 1731 -
2140 1707 2168 1740 Ι.
2191 1716 2220 1740 0.
2240 1716 2286 1740 m.
2309 1708 2348 1740 ut
2363 1716 2394 1739 s.

793 1767 846 1807 (A.
864 1768 912 1804 14,
933 1766 956 1797 f.
978 1767 1036 1797 185
1051 1771 1084 1803 a;
1108 1765 1141 1795 V.
1161 1768 1211 1801 71,
1231 1773 1283 1805 ep.
1301 1765 1388 1804 400.)

840 1822 977 1854 12501.
1001 1842 1037 1847 —
1057 1823 1239 1855 Concessio
1261 1822 1504 1854 tabellionatus
1526 1822 1582 1854 off.
1606 1820 1788 1862 Raymundo
1814 1819 1851 1851 de
1876 1820 2082 1858 Monteaeuto,
2102 1819 2182 1851 cler.
2201 1818 2393 1852 Ruthonen.

793 1879 839 1910 di.
859 1878 910 1918 (A.
930 1880 978 1914 15,
994 1878 1017 1908 f.
1037 1879 1096 1908 122
1111 1883 1140 1912 εκ
1162 1877 1197 1908 V.
1215 1879 1265 1914 71,
1282 1885 1334 1916 ep.
1354 1877 1413 1908 305
1427 1878 1465 1915 a.)

840 1933 975 1966 12502.
994 1953 1033 1958 -—
1055 1935 1259 1975 Aggregatio
1277 1934 1419 1974 maqistri
1435 1932 1591 1964 Ber-nardi
1606 1932 1643 1964 de
1657 1931 1906 1969 Montevalrano,
1921 1931 2046 1963 archid.
2065 1930 2244 1964 sicaloniae
2256 1929 2292 1962 in
2309 1929 2391 1963 eccl.

793 1989 992 2027 Bituricen.,
1011 1988 1182 2022 consortio
1198 1996 1270 2029 cap.
1290 1987 1402 2028 Papae.
1421 1987 1472 2029 (A.
1489 1988 1539 2024 14,
1557 1986 1581 2017 f.
1600 1987 1683 2024 28⁸;
1704 1986 1740 2017 V.
1761 1988 1812 2022 71,
1828 1994 1880 2026 ep.
1897 1986 1964 2024 87.)

840 2088 974 2119 12503.
993 2107 1034 2112 --
1049 2089 1084 2120 S.
1102 2089 1144 2119 M.
1162 2087 1349 2125 Florentia,
1365 2091 1393 2118 et
1408 2097 1431 2117 s.
1445 2086 1567 2118 ,Iuliani
1581 2085 1768 2122 Ariminen„
1788 2094 1824 2115 ac
1835 2095 1860 2115 s.
1877 2083 2002 2125 Georgii
2010 2083 2046 2115 de
2068 2083 2207 2121 Venefiis,
2225 2081 2392 2115 castellan.

795 2144 851 2180 di.,
868 2148 999 2175 monast.
1013 2142 1080 2173 abb.
1101 2143 1223 2173 dantur
1244 2143 1281 2172 ut
1293 2141 1426 2180 judices
1440 2141 1698 2171 conservatores
1712 2138 1820 2179 priori
1837 2139 1870 2170 et
1884 2146 1981 2170 conv,
1998 2137 2127 2169 heremi
2145 2135 2393 2173 Camafflulen„

796 2198 839 2229 ad
852 2198 893 2229 R.
910 2198 949 2228 E.
969 2196 1063 2227 nullo
1077 2195 1188 2227 medio
1202 2194 1338 2234 pertin„
1356 2194 1486 2225 Aretin.
1506 2193 1551 2224 di.
1567 2193 1621 2233 (A.
1642 2194 1690 2230 15,
1707 2192 1732 2223 f.
1748 2193 1809 2224 206
1825 2191 1855 2229 1);
1874 2190 1908 2222 V.
1928 2192 1978 2228 72,
1996 2199 2049 2231 ep.
2067 2191 2153 2227 879.)

841 2252 974 2284 12504.
993 2271 1029 2276 -—
1046 2254 1167 2286 Collat.
1183 2261 1302 2284 canon.
1317 2251 1380 2283 sub
1395 2260 1490 2292 exsp.
1507 2250 1611 2291 praeb.
1629 2250 1709 2282 eccl.
1726 2250 1868 2282 Cuman.
1885 2249 1999 2290 Rufino
2011 2248 2080 2288 filio
2094 2247 2231 2279 Simonis
2243 2246 2395 2279 Advocati

796 2309 832 2340 de
851 2308 1031 2340 Colobiano.
1049 2325 1088 2330 —
1107 2307 1134 2339 Ι.
1156 2316 1184 2338 e.
1209 2315 1254 2337 m.
1274 2315 1301 2337 s.
1327 2305 1466 2337 Martini
1486 2304 1690 2340 vercellen,
1714 2305 1747 2335 et
1771 2303 1812 2334 de
1834 2302 1989 2342 Bugella,
2002 2301 2192 2334 vercellen.
2215 2301 2275 2339 di.,
2290 2309 2394 2341 proep.

796 2363 890 2399 eccl.¹
906 2371 942 2393 ac
958 2361 1131 2393 Bonifacio
1151 2360 1273 2397 Pichae,
1293 2368 1365 2391 can.
1386 2358 1576 2390 vercellen.
1596 2358 1650 2399 (A.
1672 2359 1720 2395 ¹5,
1741 2357 1764 2388 f.
1789 2358 1848 2388 254
1863 2361 1892 2393 ⁸5
1911 2356 1948 2387 V.
1965 2356 2016 2391 72,
2032 2363 2084 2395 ep.
2098 2355 2184 2394 959.)

842 2417 977 2449 12505.
1003 2437 1042 2441 --
1061 2419 1144 2450 Ead.
1170 2418 1278 2458 gratia
1298 2417 1333 2448 in
1353 2417 1433 2448 eccl.
1461 2425 1489 2447 s.
1512 2415 1625 2447 Evatii
1648 2415 1689 2447 de
1711 2414 1836 2451 Casan,
1862 2413 2051 2446 vercellen.
2082 2412 2143 2450 di.,
2170 2411 2304 2443 Henrico
2326 2411 2395 2453 filio

795 2473 952 2511 Eduardi,
969 2482 1042 2504 can.
1059 2471 1208 2512 praeben.
1224 2471 1334 2511 plebis
1356 2470 1397 2502 de
1416 2469 1524 2502 Novis
1542 2470 1574 2501 et
1596 2469 1677 2501 eccl.
1695 2477 1723 2499 s.
1743 2467 1905 2500 Germani
1924 2466 1965 2498 de
1983 2466 2189 2503 Parciliano,
2204 2466 2394 2498 Tei-denen.

795 2529 828 2559 et
845 2527 1036 2560 vercellen.
1057 2526 1102 2557 di.
1121 2541 1157 2548 -
1180 2526 1206 2556 Ι.
1227 2534 1255 2556 e.
1281 2533 1325 2556 m.
1347 2524 1388 2556 de
1404 2524 1593 2555 Fraxeneto
1611 2523 1644 2554 et
1659 2522 1700 2554 de
1715 2521 1884 2564 TorcelIo‚
1906 2520 2132 2551 Mediolanen.
2151 2520 2185 2551 et
2202 2518 2393 2552 Vercellen.

745 2620 749 2623 ι
795 2581 855 2618 ᾱί.,
870 2589 986 2622 praep„
1003 2589 1040 2612 ac
1055 2579 1231 2612 Bonifacio
1248 2577 1371 2615 Pichae,
1390 2586 1463 2609 can.
1478 2576 1668 2609 vercellen.
1689 2575 1771 2607 eccl.
1789 2573 1843 2615 (A.
1862 2575 1910 2610 15,
1929 2573 1953 2604 f.
1970 2574 2027 2605 191
2041 2578 2070 2611 ·;
2091 2572 2127 2604 V.
2149 2573 2200 2611 72,
2218 2580 2272 2612 ep.
2290 2573 2395 2612 1012.)

824 2636 975 2676 12506.
995 2656 1032 2661 -
1049 2637 1132 2669 Ead.
1152 2637 1261 2677 gratia
1277 2636 1312 2667 in
1328 2635 1407 2667 eccl.
1424 2635 1607 2667 Novarien.
1638 2632 1746 2664 Valino
1766 2631 1834 2672 filio
1853 2630 2014 2662 Francisci
2032 2630 2194 2666 Advocati,
2215 2629 2252 2661 de
2269 2629 2396 2668 Quinto.

794 2711 833 2717 —
849 2694 877 2725 Ι.
895 2702 924 2725 e.
941 2701 987 2724 m.
1005 2693 1042 2724 ut
1058 2700 1098 2729 s.‚
1118 2700 1151 2723 n.
1171 2691 1279 2722 12504.
1297 2690 1350 2730 (Α.
1370 2691 1419 2726 15,
1436 2688 1459 2720 f.
1474 2689 1533 2720 230
1550 2687 1581 2726 ¹³3
1603 2687 1640 2719 V.
1660 2688 1711 2723 72,
1726 2695 1780 2727 ep.
1798 2687 1905 2726 1021.)

841 2749 978 2782 12507.
995 2768 1032 2774 -
1051 2751 1133 2783 Ead.
1158 2749 1266 2791 gratia
1288 2749 1323 2780 in
1346 2748 1426 2780 eccl.
1445 2746 1635 2779 Vercellen.
1663 2743 1894 2777 Bartholomaeo
1917 2742 1984 2784 filio
2002 2741 2144 2784 praedicti
2166 2741 2338 2772 Francisci.
2357 2757 2397 2764 —-

794 2807 820 2837 Ι.
845 2815 874 2838 e.
889 2815 933 2838 m.
952 2815 981 2837 s.
1003 2805 1141 2837 Martini
1163 2806 1196 2835 et
1212 2812 1240 2835 s.
1264 2800 1500 2841 christophori
1517 2799 1723 2837 Vercellen.,
1743 2807 1781 2830 ac
1796 2798 1836 2830 de
1851 2796 2004 2837 Bugella,
2022 2795 2212 2829 Vercellen.
2236 2795 2296 2832 di.,
2313 2794 2395 2826 eccl.

794 2869 897 2900 praep.
916 2859 969 2899 (A.
989 2851 1039 2896 15,
1055 2859 1077 2889 f.
1097 2859 1203 2894 2318,
1226 2856 1260 2887 V.
1277 2857 1327 2893 72,
1345 2855 1520 2895 ep.1022.)

841 2915 975 2946 12508.
994 2935 1032 2940 —
1053 2915 1192 2947 Tolosan.
1212 2919 1240 2945 et
1255 2913 1430 2945 Narbonen.
1451 2911 1613 2953 arckiepd,
1635 2921 1671 2941 ac
1688 2920 1773 2951 ep.us
1789 2920 1814 2940 s.
1837 2908 1957 2950 Papuli
1973 2908 2096 2940 dantur
2116 2908 2154 2938 ut
2164 2906 2299 2947 judices
2317 2913 2396 2937 con·

795 2972 986 3002 servatores
1003 2969 1177 3010 priorissae
1196 2969 1229 3000 et
1245 2966 1420 2999 sororibus
1438 2966 1584 2997 monast.
1603 2965 1637 2996 S.
1655 2964 1699 2995 M.
1718 2964 1758 2995 de
1776 2963 1949 3000 Pruliano,
1967 2961 2007 2994 Ο.
2023 2961 2056 2993 S.
2074 2961 2129 2997 Α.,
2149 2969 2177 2992 s.
2196 2958 2317 2999 Papuli
2331 2958 2393 2996 di.,

794 3033 854 3063 per
866 3024 1069 3063 priorissam
1085 3022 1179 3054 soliti
1199 3020 1393 3062 gubernari.
1418 3019 1469 3058 (A.
1489 3020 1538 3056 14,
1556 3018 1580 3049 f.
1595 3020 1635 3049 24
1651 3023 1683 3053 ³3
1703 3016 1736 3048 V.
1755 3018 1805 3054 71,
1824 3025 1876 3056 ep.
1893 3015 1960 3055 71.)
