2566 3562
210 452 313 479 Datum
329 444 511 479 Avenione.

174 659 194 686 4
214 662 248 695 (ιι
267 658 348 694 non.)
369 666 434 693 augy.
454 658 543 686 1320.

323 817 358 845 Ut
379 825 402 845 s.

201 976 220 1004 5
235 975 326 1012 (non.)
342 984 407 1010 augy.
428 976 516 1003 1320.

175 1189 194 1216 6
209 1192 275 1225 (vm
295 1188 347 1221 id.)
368 1196 436 1224 any.
454 1189 542 1217 1320.

187 1402 204 1430 7
218 1402 273 1438 (vn
289 1402 340 1436 id.)
356 1411 422 1438 auq.
443 1403 531 1431 1320.

320 1616 357 1644 Ut
372 1625 400 1665 ⁴s.

242 1776 279 1804 21
295 1785 362 1812 any.
383 1777 471 1805 1320.

239 1821 294 1858 (ιιι
310 1821 368 1849 kal.
389 1821 477 1857 sept.)

320 1989 356 2018 Ut
377 1998 401 2018 s,

321 2418 358 2446 Ut
377 2426 402 2447 S.

316 2631 353 2659 Ut
373 2639 396 2659 s.

244 2683 284 2712 23
300 2692 367 2719 auq.
386 2684 476 2712 4320.

256 2728 287 2764 (x
301 2728 360 2757 kal.
375 2728 463 2764 sept.)

582 356 756 387 JOANNIS
779 355 898 386 PAPAE
919 355 1020 386 XXII.
1045 356 1294 396 (1316-1334).
1318 372 1357 377 —
1378 355 1563 386 LITTERAE
1587 356 1638 386 DE
1660 355 1784 387 CURIA
2141 358 2199 390 167

546 572 551 576 -
602 550 736 581 nunciis
754 550 794 581 A.
811 549 845 581 S.
864 566 902 571 —
919 549 946 580 1.
966 558 995 580 e.
1017 558 1062 580 m.
1081 557 1156 588 ep.o
1170 549 1293 580 Meten.
1309 549 1363 580 vel
1379 549 1452 588 ejus
1465 549 1604 584 vicario,
1622 550 1655 580 et
1673 549 1843 589 archiep.o
1856 549 2036 581 Treveren.
2051 550 2106 581 vel
2119 549 2194 590 ejus

601 603 740 634 vicario.
758 601 810 642 (V.
829 603 879 640 70,
893 611 946 642 ep.
967 604 1036 637 119,
1053 601 1089 632 de
1106 603 1184 641 cur.)

647 653 782 685 12212.
797 673 836 678 -
848 655 930 695 May.
945 655 1073 695 Huqoni
1085 655 1178 686 Bovis
1194 655 1307 686 mand.
1324 656 1362 686 ut
1376 655 1510 686 accedat
1525 655 1566 686 ad
1581 664 1667 695 mag.
1683 655 1887 693 Gabrielem,
1900 656 1934 687 in
1950 656 2105 696 partibus
2119 657 2197 688 Ala-

602 710 723 741 maniae
739 710 1017 746 commorantem,
1031 710 1063 739 et
1079 717 1148 739 una
1160 717 1237 738 cum
1255 717 1294 739 eo
1309 708 1423 739 veniat
1441 708 1483 738 ad
1497 708 1530 739 S.
1549 708 1588 739 A.
1604 709 1849 740 transferentes
1866 717 1922 740 res
1936 718 2009 749 quae
2025 710 2196 750 pertinent

602 763 712 794 eidem
730 762 821 794 Sedi.
839 761 896 802 (V.
916 763 965 798 70,
984 770 1035 800 ep.
1057 763 1125 797 121,
1142 760 1178 791 de
1195 761 1274 799 cur.)

648 812 782 844 12213.
801 832 840 837 -
861 814 1014 844 Ludovico
1032 814 1063 844 in
1082 823 1181 854 reqem
1202 814 1406 844 Romanorum
1425 813 1518 843 electo
1542 813 1703 845 scribitur
1727 815 1764 845 ut
1785 823 1873 854 mag.
1896 814 2032 855 Hugoni
2048 816 2152 847 Bovis
2165 818 2198 848 et

601 877 690 909 mag.
711 867 874 902 Gabrieli,
898 868 939 899 A.
966 867 1001 899 S.
1027 867 1173 903 nunciis,
1200 867 1300 897 faciat
1321 867 1493 905 provideri
1515 867 1556 897 de
1576 875 1694 898 securo
1717 867 1893 898 conductu.
1914 868 1967 906 (V.
1987 869 2037 904 70,
2051 877 2103 908 ep.
2127 871 2196 907 122,

601 921 638 951 de
655 931 736 958 cur.;
755 920 898 957 Riezler,
923 919 1135 950 Vaeilcanische
1152 919 1261 956 Aleten,
1280 928 1312 959 p.
1330 921 1397 956 110,
1417 928 1451 950 n.
1470 919 1557 958 205.)

646 971 780 1002 12214.
808 991 848 996 -
878 973 961 1012 May.
993 972 1140 1009 Gabrieli,
1168 972 1202 1003 in
1230 972 1411 1004 Alamania
1437 972 1612 1003 debilitate
1643 973 1795 1012 corporis
1825 975 1974 1012 gravato,
2005 974 2198 1014 adjungitur

600 1028 700 1067 Hugo
718 1027 822 1058 Bovis
838 1026 936 1066 eique
957 1026 1068 1057 mand.
1091 1027 1128 1057 ut
1152 1034 1297 1056 unacum
1325 1026 1415 1056 dicto
1436 1026 1579 1065 Hugone
1599 1025 1728 1057 deferat
1745 1026 1805 1056 illa
1823 1035 1897 1066 quae
1913 1035 2028 1058 secum
2043 1027 2142 1059 habet
2157 1029 2199 1059 ad

602 1081 641 1112 E.
656 1081 697 1112 R.
713 1080 849 1120 pertin.‚
865 1088 966 1119 quam
981 1079 1084 1110 citius
1098 1079 1273 1110 commode
1288 1078 1423 1118 poterit,
1440 1079 1482 1109 ad
1493 1087 1662 1110 cameram
1677 1078 1912 1118 apostolicam.
1928 1079 1980 1119 (V.
1997 1082 2046 1117 70,
2062 1089 2115 1120 ep.
2128 1083 2198 1117 120,

602 1133 640 1165 dc
657 1133 737 1173 cur.)

647 1184 782 1216 12215.
805 1204 842 1210 -—
870 1186 952 1227 May.
979 1185 1105 1226 Huqoni
1123 1185 1215 1216 Bovis
1230 1185 1344 1217 mand.
1367 1185 1468 1225 quod,
1486 1185 1516 1215 si
1534 1193 1589 1216 res
1607 1194 1681 1225 quae
1698 1185 1871 1216 deferebat
1894 1194 1981 1226 mag.
2005 1186 2141 1218 Gabriel
2157 1188 2198 1218 ad

602 1241 732 1272 curiam
757 1241 872 1272 essent
901 1239 968 1270 sibi
994 1238 1174 1270 subtractae
1196 1239 1251 1270 vel
1277 1247 1489 1278 quocumque
1516 1238 1616 1269 modo
1640 1238 1683 1268 ad
1704 1238 1791 1269 alios
1815 1239 2061 1278 pervenissent,
2088 1241 2197 1279 possit

601 1295 792 1327 detentores
807 1293 1010 1333 compellere
1033 1301 1094 1333 per
1115 1301 1295 1323 censuram
1312 1292 1500 1323 ecclesiast.
1522 1292 1564 1322 ad
1580 1291 1822 1331 assignandum
1844 1291 1922 1329 sibi,
1940 1293 2019 1324 eccl.
2039 1294 2199 1325 Romanae

602 1347 750 1384 nomine,
769 1355 824 1378 res
840 1346 1031 1387 praedictas.
1048 1345 1100 1386 (V.
1118 1347 1168 1383 70,
1186 1353 1238 1385 ep.
1257 1346 1326 1382 123,
1342 1344 1380 1375 de
1396 1344 1478 1385 cur.)
2219 1367 2222 1371 ,

649 1398 784 1430 12216.
802 1419 840 1424 -
856 1399 1033 1430 Bertrando
1060 1399 1109 1429 tit.
1133 1409 1158 1429 s.
1173 1397 1313 1429 Marcelli
1333 1397 1439 1439 presb.
1464 1397 1563 1435 card„
1588 1399 1629 1429 A.
1650 1398 1687 1428 S.
1709 1397 1817 1438 leqato,
1846 1407 1938 1429 conc.
1959 1399 1995 1430 ut
2022 1400 2200 1438 provideat

602 1455 690 1486 auct.
709 1455 819 1494 apost.
837 1453 872 1484 in
898 1455 937 1485 24
965 1453 1046 1484 eccl.
1067 1451 1318 1484 cathedralibus
1342 1452 1397 1483 vel
1417 1451 1605 1489 collegiatis
1631 1451 1721 1482 infra
1744 1461 1813 1483 suae
1837 1451 2018 1492 legationis
2033 1453 2199 1484 terminos

602 1507 809 1542 constitutis,
835 1515 921 1547 quas
942 1506 1079 1537 duxerit
1095 1505 1280 1546 eligendas,
1297 1505 1332 1535 in
1355 1505 1501 1545 singulis
1522 1505 1675 1544 ipsarum
1697 1505 1855 1536 videlicet
1878 1504 2023 1545 singulis
2040 1506 2198 1545 personis

602 1561 642 1592 de
658 1569 774 1592 canon.
793 1562 826 1592 et
839 1559 943 1600 praeb.
957 1568 1028 1591 vac.
1044 1559 1099 1591 vel
1116 1559 1298 1590 vacaturis.
1316 1557 1371 1599 (V.
1390 1560 1439 1596 70,
1460 1566 1512 1598 ep.
1531 1559 1599 1595 188,
1619 1557 1656 1588 de
1670 1567 1753 1596 cur.;
1773 1557 1901 1595 Coulon,
1919 1567 1951 1589 n.
1972 1559 2074 1599 1136.)

648 1611 783 1643 12217.
805 1630 840 1636 -
855 1613 965 1644 Eidem
982 1613 1095 1644 mand.
1119 1613 1157 1643 ut
1171 1612 1330 1651 Philippo
1355 1611 1470 1643 comiti
1497 1612 1736 1648 Cenomanen.,
1756 1611 1896 1642 Roberti
1916 1612 2006 1651 regis
2023 1612 2147 1644 Siciliae
2164 1612 2199 1643 in

602 1668 708 1699 Italiae
726 1666 880 1707 partibus
901 1666 1040 1703 vicario,
1060 1666 1220 1697 concedat
1246 1665 1348 1696 facul.
1365 1664 1525 1696 audiendi
1544 1665 1660 1695 divina
1681 1664 1716 1695 in
1740 1665 1826 1696 locis
1850 1665 2028 1696 interdicto
2045 1666 2199 1705 supposi-

601 1722 661 1752 tis.
678 1721 733 1761 (V.
752 1722 801 1757 70,
821 1729 873 1760 ep.
895 1721 962 1757 189,
981 1719 1018 1750 de
1034 1720 1113 1759 cur.)

649 1772 785 1803 12218.
799 1792 838 1797 —
852 1774 936 1814 May.
953 1773 1115 1814 Aymerico
1130 1772 1165 1803 de
1181 1771 1375 1810 Castroluciz',
1393 1771 1510 1802 archid.
1529 1771 1788 1811 Transviqennen.
1804 1771 1837 1802 in
1855 1771 1927 1803 eccl.
1950 1771 2114 1809 Turonen.,
2130 1772 2198 1804 PP.

603 1838 686 1870 cap„
700 1828 867 1869 provinciae
879 1826 1091 1858 Bomandz'olae
1102 1832 1129 1857 el
1142 1827 1303 1857 comitatus
1318 1826 1494 1856 Bretenorii
1508 1825 1631 1865 ejusque
1638 1825 1870 1866 provinciarum
1883 1825 2005 1862 rectori,
2019 1826 2200 1865 deputatur

603 1882 767 1914 salarium
784 1883 858 1913 octo
880 1881 951 1912 flor.
971 1881 1046 1912 auri
1069 1889 1130 1920 pro
1148 1879 1300 1920 qualibet
1317 1879 1371 1910 die
1390 1879 1496 1911 totius
1518 1879 1683 1918 temporis
1705 1887 1771 1918 quo
1790 1879 1969 1910 rectoriam
1985 1879 2130 1918 gesserit
2145 1888 2201 1910 an-

602 1936 774 1968 tedictam.
789 1935 844 1975 (V.
863 1935 913 1970 70,
933 1943 985 1974 ep.
1005 1935 1073 1971 125,
1092 1933 1128 1964 de
1145 1934 1226 1971 cur.)

648 1986 785 2018 12219.
800 2006 838 2012 -
857 1986 1040 2018 ΟαιΙιαηὶεη.
1055 1992 1082 2016 ει
1095 1986 1232 2017 Saonen.
1250 1985 1329 2026 ep.is
1347 1985 1459 2016 mand.
1474 1986 1512 2016 ut
1532 1984 1610 2022 sibi,
1634 1985 1672 2015 E.
1690 1985 1732 2016 R.
1751 1984 1898 2021 nomine,
1916 1985 2051 2016 restitui
2077 1985 2201 2015 saciant

603 2052 623 2074 a
638 2043 825 2083 guardiano
842 2043 874 2073 et
898 2040 1061 2072 fratribus
1078 2040 1116 2072 O.
1135 2040 1182 2071 M.
1205 2040 1348 2070 Januen.
1368 2039 1550 2078 quamdam
1573 2046 1707 2069 crucem
1731 2039 1764 2068 et
1779 2038 1961 2077 quamdam
1978 2046 2121 2078 yeonam
2144 2047 2202 2069 au-

603 2104 679 2127 reas
697 2096 732 2127 in
748 2094 872 2136 quibus
890 2102 1012 2134 magna
1033 2102 1114 2133 pars
1131 2093 1172 2124 de
1188 2093 1281 2133 ligno
1302 2092 1444 2123 vivificae
1472 2091 1594 2127 crucis,
1611 2090 1806 2130 multasque
1824 2099 1871 2121 ss.
1889 2090 2053 2130 reliquias
2070 2099 2203 2122 conser-

603 2151 737 2184 vantur,
755 2151 786 2180 et
803 2159 826 2179 11
843 2148 954 2187 capita
970 2148 1164 2178 sanctorum
1182 2147 1216 2177 in
1234 2156 1257 2177 11
1274 2146 1387 2177 aureis
1403 2153 1464 2176 seu
1482 2144 1651 2184 argenteis
1666 2143 1774 2175 techis
1790 2144 1975 2179 recondita,
1993 2144 2200 2184 margaritis,

603 2202 776 2243 lapidibus
799 2201 961 2241 pretiosis
981 2202 1012 2232 et
1034 2199 1190 2231 esmaltis
1209 2200 1337 2236 ornata,
1358 2207 1432 2238 quae
1461 2207 1538 2229 cum
1562 2197 1641 2229 aliis
1663 2196 1762 2228 bonis
1785 2197 1936 2228 thesauri
1954 2198 1988 2227 E.
2007 2198 2047 2228 R.
2069 2197 2202 2228 fuerant

603 2256 776 2287 subtracta
802 2255 842 2286 de
860 2254 1018 2285 sacristia
1045 2253 1126 2285 eccl.
1147 2262 1174 2283 s,
1192 2253 1345 2284 Fridiani
1373 2253 1511 2287 Lucan,
1541 2259 1683 2291 quaeque
1710 2259 1770 2290 per
1797 2250 2016 2281 traditionem
2049 2250 2202 2281 Nicolosi

603 2310 691 2342 Dani
708 2309 750 2341 ad
766 2317 824 2340 eos
840 2307 1037 2348 pervenisse
1051 2308 1247 2338 noscuntur.
1269 2305 1320 2345 (V.
1339 2306 1388 2342 70,
1406 2314 1459 2344 ep.
1478 2306 1548 2342 127,
1563 2304 1598 2334 de
1619 2313 1700 2341 cur.;
1720 2303 1838 2340 Eubel,
1860 2303 2036 2334 Bullarium
2056 2303 2201 2333 Francis-

603 2373 721 2400 canum,
736 2364 762 2394 t.
778 2363 820 2399 V,
837 2371 871 2402 p.
888 2363 958 2399 187,
973 2369 1006 2392 n.
1025 2361 1112 2398 403.)

649 2413 785 2445 12220.
804 2433 840 2438 -
857 2414 1025 2455 Archiep.o
1045 2412 1284 2454 Composcellan.
1302 2417 1330 2442 et
1344 2421 1412 2452 epo
1428 2411 1563 2452 Burqen.
1582 2410 1694 2441 mand.
1717 2411 1753 2441 ut
1770 2410 1857 2440 inter
1874 2409 2006 2440 nobiles
2026 2410 2201 2448 magnates

603 2472 636 2502 et
651 2469 912 2501 communitates
929 2475 1110 2508 regnorum
1125 2466 1281 2498 Castellae
1298 2467 1330 2496 et
1347 2464 1508 2504 Legionis
1527 2464 1683 2495 studeant
1701 2471 1825 2502 ponere
1840 2470 1967 2502 pacem,
1981 2470 2056 2492 cum
2075 2461 2143 2492 sint
2159 2462 2201 2492 ad

604 2523 750 2554 invicem
777 2522 996 2558 dissidentes,
1015 2521 1048 2553 et
1072 2528 1163 2551 conc.
1183 2519 1234 2550 eis
1261 2518 1360 2550 facul.
1378 2516 1588 2548 dissolvendi
1604 2524 1721 2547 omnes
1746 2514 2055 2559 confoederationes.
2077 2513 2131 2554 (V.
2149 2515 2200 2551 70,

603 2585 656 2616 ep.
675 2577 744 2612 138,
758 2574 795 2606 de
807 2574 888 2614 cur.)

651 2626 788 2659 12221.
805 2647 841 2652 -
858 2628 947 2669 Ep.o
963 2627 1101 2667 Bur-qen.
1113 2626 1226 2657 mand.
1237 2625 1327 2656 idem
1338 2626 1370 2655 et
1383 2632 1476 2655 conc.
1491 2622 1616 2653 similis
1631 2621 1785 2652 facultas.
1798 2620 1852 2660 (V.
1863 2621 1912 2657 70,
1923 2628 1975 2659 ep.
1991 2621 2060 2656 139,
2072 2618 2108 2649 de
2119 2619 2199 2659 cur.)

651 2679 786 2713 12222.
803 2700 842 2706 -
856 2681 940 2721 May.
965 2679 1126 2712 Guillelmo
1141 2678 1178 2710 de
1198 2678 1338 2714 Balaeto,
1366 2676 1483 2707 archid.
1508 2673 1712 2715 Forojulien.,
1730 2673 1796 2704 PP.
1813 2682 1895 2713 cap„
1908 2672 2020 2703 mand.
2040 2673 2077 2703 ut
2093 2671 2133 2702 ab
2150 2672 2200 2702 in-

605 2735 831 2776 quisitoribus
848 2734 1013 2766 haereticae
1036 2732 1216 2773 pravitatis
1243 2731 1281 2763 Ο.
1301 2731 1340 2762 Ρ.
1358 2731 1392 2761 in
1418 2737 1520 2769 regno
1536 2727 1660 2760 Siciliae
1687 2728 1719 2757 et
1735 2727 1826 2757 terra
1847 2725 1999 2765 ejusdem
2016 2725 2111 2764 regni
2126 2733 2200 2764 quae

605 2791 658 2821 est
675 2789 761 2820 citra
777 2789 902 2819 Farum
921 2788 953 2818 et
971 2795 991 2818 a
1017 2785 1215 2817 substitutis
1231 2786 1264 2816 et
1289 2783 1452 2823 delegatis
1470 2781 1512 2812 ab
1536 2781 1586 2812 eis
1611 2779 1724 2819 exigat
1743 2778 1856 2810 omnia
1875 2777 1962 2809 bona
1978 2786 2051 2817 quae
2069 2777 2199 2808 ratione

605 2842 660 2874 off.
678 2840 914 2882 inquisitionis
931 2840 1131 2879 receperunt
1154 2838 1186 2869 et
1202 2838 1244 2869 ad
1261 2837 1302 2868 R.
1319 2837 1358 2867 E.
1383 2835 1534 2875 spectant
1542 2842 1551 2870 ;
1568 2834 1600 2864 et
1617 2832 1698 2872 quia
1718 2831 1873 2862 nonnulli
1892 2830 2114 2871 inquisitores
2128 2831 2199 2861 tam

605 2894 808 2934 superstites
836 2901 938 2933 quam
957 2892 1027 2923 vita
1055 2890 1162 2922 functi
1186 2890 1346 2930 praedicta
1361 2888 1448 2919 bona
1474 2885 1647 2922 fratribus,
1666 2893 1755 2924 nep.,
1773 2885 1806 2915 et
1833 2883 1911 2915 aliis
1937 2882 2198 2922 consanguineis

605 2948 738 2988 legasse
751 2947 922 2982 dicuntur,
939 2945 1053 2976 mand.
1071 2944 1161 2975 dicto
1174 2951 1262 2982 mag.
1282 2943 1318 2972 ut
1332 2941 1373 2972 ad
1391 2938 1639 2971 restitutionem
1655 2937 1757 2969 etiam
1771 2936 1921 2968 haeredes
1937 2945 1998 2976 per
2020 2944 2198 2967 censuram

605 2999 796 3040 compellat.
813 2998 865 3037 (V.
881 3000 932 3035 w,
950 3006 1002 3037 ep.
1022 2999 1090 3034 137,
1109 2995 1146 3027 de
1164 2997 1244 3034 cur.)
