2566 3562
356 295 414 327 198

383 383 487 410 Datum
509 375 693 410 Avenione.

368 641 462 675 12<1v
481 640 533 672 id.)
548 643 600 667 oct.
619 638 709 666 1320.

448 685 478 711 T.
494 684 539 715 xl,
556 683 626 710 XIII.

364 800 400 828 13
414 804 460 833 (ιιι
479 799 532 831 id.)
549 802 602 826 oct.
619 798 706 826 1320.

478 843 509 870 Τ.
526 843 590 871 11¹¹.

495 1066 531 1093 Ut
550 1074 573 1093 s.

495 1388 530 1416 Ut
548 1396 571 1415 s.

436 1434 467 1461 T.
486 1433 558 1466 XIII,
575 1432 630 1459 XV.

495 1655 530 1682 Ut
549 1664 573 1683 s.

436 1701 466 1727 T.
484 1700 556 1733 xm,
575 1700 632 1726 XV.

497 1816 529 1842 (ξι
550 1824 573 1843 s.

389 1974 425 2001 15
440 1974 503 2009 (id.)
520 1978 572 2001 oct.
593 1974 679 2001 1320.

474 2019 504 2045 Τ.
526 2019 594 2045 xvl.

497 2187 530 2214 Ut
551 2196 574 2214 s.

462 2231 493 2257 Τ.
514 2232 607 2259 xle.

494 2456 527 2482 Ut
547 2464 570 2484 s·

478 2500 508 2526 T.
526 2500 579 2527 Lx.

492 2615 525 2642 Ut
545 2624 568 2643 s.

497 2883 532 2909 Ut
550 2891 573 2909 s.

412 2925 441 2951 T.
460 2925 541 2959 XXII,
558 2927 649 2953 XXIV.

754 289 927 321 JOANNIS
950 288 1069 320 PAPAE
1090 287 1193 319 xxn.
1218 288 1465 327 (1818-1884).
1487 306 1525 312 -
1548 287 1734 319 LITTERAE
1755 287 1982 323 COMMUNES

780 480 958 521 Marquesii,
972 487 1038 511 non
1056 480 1143 512 obst.
1161 480 1196 511 in
1211 480 1285 512 ead.
1311 480 1391 512 eccl.
1406 489 1525 513 canon.
1541 482 1574 513 et
1594 480 1761 521 portione,
1779 489 1818 513 ac
1834 481 2058 522 hospitalario.
2069 489 2172 523 quam
2187 481 2313 515 dimitt.
2329 483 2379 515 ιο-

780 535 890 565 netur.
907 533 985 565 -1.
1003 542 1032 564 e.
1056 542 1101 564 m.
1116 533 1243 566 decano
1269 533 1514 574 Engolismen„
1535 535 1570 566 et
1593 533 1764 567 Valentia.
1783 543 1821 566 ac
1842 534 2087 567 Barchinonen.
2106 537 2263 576 praeeat.
2293 535 2375 568 eccl.

778 586 832 628 (A.
853 587 902 620 15,
920 586 1015 619 12439
1030 586 1062 623 ¹³3
1083 586 1116 617 V.
1133 588 1183 625 72,
1201 595 1255 627 ep.
1272 588 1377 626 1423.)
1520 617 1523 619 ,

825 637 960 670 12475.
972 657 1010 663 -
1024 640 1139 671 loanni
1151 639 1187 671 de
1204 639 1366 678 Gandano,
1381 639 1461 671 dicto
1474 639 1512 672 de
1526 641 1623 679 Mota,
1637 649 1727 682 mag.
1740 640 1776 672 in
1792 642 1870 680 art..
1887 650 1982 682 prov.
1996 650 2115 674 canon.
2132 641 2213 674 eccl.
2230 650 2260 674 s.
2277 641 2376 674 Pauli

778 693 939 725 Leodien.
956 692 1021 724 sub
1037 702 1132 733 exsp.
1149 693 1252 734 praeb.
1268 711 1308 716 —
1326 693 1354 724 1.
1375 702 1405 725 e.
1423 702 1468 725 m.
1485 693 1562 726 abb.
1585 695 1731 726 monast.
1745 702 1773 726 s.
1789 694 1882 726 Petri
1895 694 2061 732 Gauden„
2079 695 2114 728 et
2127 703 2232 736 praep.
2254 695 2380 728 Massi-

778 747 872 784 lien..
889 756 927 778 ac
941 746 1068 778 decano
1085 747 1268 780 s.‚Martini
1281 747 1444 779 Leodien.
1459 747 1540 779 eccl.
1558 747 1614 788 (A.
1633 749 1684 785 17,
1699 747 1722 779 f.
1741 749 1802 780 370
1819 747 1852 785 ¹³3
1869 747 1904 779 V.
1918 750 1970 787 73,
1985 756 2040 789 ep.
2057 748 2164 790 1567.)

825 797 959 829 12476.
978 818 1017 823 -
1038 800 1212 832 Promotio
1232 800 1358 837 Raonis,
1385 800 1512 841 prioris
1535 802 1681 833 monast.
1705 801 1740 833 S.
1763 801 1808 833 M.
1831 801 1873 834 de
1890 801 2092 840 Camiliano,
2111 802 2155 834 ad
2174 802 2275 835 Rom.
2295 801 2378 834 eccl.

779 853 872 885 nullo
886 853 998 885 medio
1014 853 1151 894 pertin,
1168 853 1208 886 Ο.
1227 854 1262 886 S.
1277 854 1329 891 Β.,
1345 854 1535 886 Rossanen.
1553 854 1610 892 di.,
1628 854 1663 886 in
1676 853 1753 887 abb.
1768 854 1876 895 ejusd.
1892 856 2039 887 monast.
2057 863 2119 896 per
2135 854 2267 887 obitum
2281 855 2380 888 Nico-

778 906 824 938 lai
849 916 935 945 vac.‚
955 907 1082 947 praevia
1097 907 1287 939 cassatione
1309 907 1486 939 electionis
1504 907 1546 940 de
1564 907 1682 939 eodem
1704 908 1822 940 Raone
1846 908 1968 940 habitae
1992 909 2130 949 propter
2153 908 2322 945 defectum
2341 907 2379 940 in

778 960 887 992 forma
913 960 1089 992 electionis
1109 960 1262 1000 ejusdem
1286 961 1471 1000 repertum,
1496 969 1573 992 cum
1591 961 1846 1001 dispensatione
1873 970 1975 1002 super
1999 961 2133 994 defectu
2155 961 2319 994 scientiae.
2341 979 2380 985 -

777 1014 804 1045 Ι.
823 1023 853 1045 e.
871 1023 916 1045 m.
938 1022 1033 1046 conv.
1052 1013 1160 1053 ejusd.
1179 1015 1324 1045 monast.
1343 1015 1395 1053 (A.
1410 1016 1459 1051 14,
1476 1013 1502 1046 f.
1520 1015 1578 1046 100
1594 1019 1625 1051 ·;
1648 1014 1682 1045 V.
1702 1016 1752 1052 71,
1770 1023 1823 1055 ep.
1840 1015 1926 1055 200.)

825 1064 959 1097 12477.
979 1085 1018 1091 -
1034 1066 1176 1098 Arnaldo
1189 1077 1214 1099 s.
1230 1067 1391 1098 Eustachii
1404 1067 1484 1099 diac.
1504 1067 1589 1098 card.
1607 1068 1722 1100 mand.
1739 1069 1777 1100 ut
1790 1068 1932 1109 recipiat
1947 1068 2197 1109 resignationes
2211 1077 2272 1109 per
2286 1068 2379 1110 Ray-

779 1122 944 1153 mundum
957 1121 998 1153 de
1012 1121 1130 1153 Ucetia
1142 1121 1182 1152 de
1196 1129 1314 1152 canon.
1329 1122 1362 1153 et
1376 1121 1480 1161 praeb.
1496 1121 1576 1153 eccl.
1594 1121 1784 1160 Vivarien.‚
1801 1123 1835 1154 et
1849 1129 1910 1162 per
1924 1122 2167 1163 Raymundum
2180 1121 2379 1163 Berengaril

778 1175 819 1206 de
837 1174 1041 1215 quibusdam
1060 1173 1202 1205 decimis
1218 1174 1257 1205 B.
1276 1174 1322 1206 M.
1340 1174 1381 1206 de
1395 1174 1568 1212 Serviano,
1589 1174 1757 1206 Biterren.
1777 1174 1837 1212 di.,
1855 1175 1898 1206 ad
1913 1175 2027 1207 collat.
2045 1174 2124 1207 abb.
2141 1175 2176 1207 et
2193 1183 2290 1207 conv.
2305 1183 2381 1208 mo-

779 1230 867 1260 nast.
885 1237 913 1259 s.
932 1227 1074 1264 Tiberii,
1092 1227 1131 1260 Ο.
1148 1227 1181 1259 S.
1201 1228 1252 1265 Β.,
1272 1227 1434 1267 Agathen.
1450 1227 1510 1264 di.,
1529 1227 1792 1268 pertinentibus,
1809 1236 1851 1260 ex
1864 1236 1968 1260 causa
1980 1228 2243 1268 permutationis
2258 1228 2381 1261 facien-

779 1282 851 1319 das,
875 1290 913 1313 ac
937 1281 1046 1313 dictos
1072 1290 1204 1319 canon„
1234 1280 1337 1321 praeb.
1367 1282 1400 1313 et
1426 1281 1576 1313 decimas
1600 1280 1701 1321 Juxta
1724 1281 1878 1313 eamdem
1903 1281 2189 1322 permutationem
2215 1281 2379 1315 conterat.

781 1335 832 1374 (A.
848 1337 897 1373 14,
915 1335 939 1366 f.
953 1335 1012 1366 205
1029 1340 1060 1372 ὃ,
1084 1334 1119 1365 V.
1138 1336 1188 1372 71,
1205 1343 1258 1375 ep.
1274 1333 1362 1374 286.)

825 1385 962 1418 12478.
980 1407 1019 1411 -
1040 1388 1185 1419 Unaudus
1198 1387 1394 1425 Audebaudi,
1409 1396 1499 1420 mon.
1517 1387 1598 1419 eccl.
1614 1387 1782 1425 Castren.‚
1795 1388 1835 1420 Ο.
1850 1388 1884 1420 S.
1900 1389 1953 1426 Β.,
1970 1388 2013 1420 ad
2031 1389 2178 1421 monast.
2195 1397 2223 1420 s.
2236 1387 2379 1426 Tiberii,
2431 1434 2434 1435 ⁷

779 1442 932 1483 ejusdem
952 1442 1037 1478 ord.‚
1052 1441 1218 1482 Agathen.
1235 1442 1295 1479 di.,
1310 1440 1529 1479 transfertur,
1547 1441 1610 1473 sub
1630 1449 1727 1482 exsp.
1745 1441 1856 1474 benef.
1875 1450 1904 1474 c.
1924 1451 1953 1473 c.
1971 1442 2026 1473 vel
2042 1450 2070 1473 s.
2087 1450 2116 1474 c.
2135 1441 2272 1474 etiamsi
2289 1441 2378 1483 prio-

779 1497 886 1534 ratus,
900 1496 954 1527 vel
969 1495 1119 1527 officium
1135 1504 1197 1526 seu
1213 1495 1406 1527 administr.
1423 1494 1550 1527 existat
1567 1495 1639 1534 (150
1651 1494 1711 1527 lib.
1726 1496 1820 1534 tun),
1844 1495 1886 1527 ad
1902 1494 2036 1527 abbatis
2054 1495 2137 1527 dicti
2152 1496 2298 1527 monast.
2315 1495 2381 1527 col-

779 1550 838 1581 lat.
856 1549 1070 1589 pertinentis.
1089 1566 1128 1570 —
1142 1549 1168 1580 1.
1186 1557 1216 1580 e.
1234 1557 1280 1580 m.
1301 1548 1342 1580 de
1362 1557 1390 1579 s.
1407 1547 1593 1580 Guillelmo
1615 1550 1648 1580 et
1664 1548 1705 1580 de
1719 1548 1947 1589 villamagna,
1967 1548 2137 1580 Lodoven.
2159 1549 2193 1580 et
2212 1547 2380 1581 Biterren.

779 1603 838 1641 di.,
856 1604 1000 1634 monast.
1019 1602 1109 1640 abb„
1126 1611 1163 1634 ac
1181 1611 1285 1642 praep.
1302 1601 1382 1633 eccl.
1402 1601 1616 1634 Ebredunen.
1636 1602 1688 1640 (Α.
1707 1603 1756 1638 14,
1776 1601 1800 1633 f.
1818 1603 1876 1634 162
1891 1601 1920 1639 h;
1945 1601 1979 1633 V.
1998 1603 2048 1638 71,
2064 1610 2117 1642 ep.
2133 1601 2223 1642 288.)

825 1653 960 1685 12479.
981 1674 1020 1679 -
1039 1655 1191 1686 Deodatus
1217 1655 1334 1686 Ytherii
1353 1655 1561 1687 transfertur
1573 1656 1611 1687 ut
1628 1663 1656 1686 s.
1681 1655 1744 1686 sub
1761 1664 1857 1695 exsp.
1880 1655 2008 1686 similis
2029 1654 2141 1687 benef.
2160 1656 2233 1694 (100
2247 1654 2272 1686 1.
2289 1654 2330 1696 t.)
2342 1671 2382 1678 -—

778 1711 805 1742 Ι.
824 1719 852 1741 e.
872 1719 916 1741 m.
934 1709 1010 1741 abb.
1030 1710 1175 1740 monast.
1194 1709 1234 1740 de
1252 1718 1280 1740 s.
1295 1708 1481 1741 Guillelmo
1497 1708 1670 1740 Lodoven.
1686 1708 1744 1746 di.,
1763 1710 1796 1740 et
1812 1717 1916 1749 praep.
1933 1708 2161 1747 Ebredunen„
2177 1717 2216 1740 ac
2230 1708 2383 1741 sacrista

778 1764 948 1795 Lodoven.
964 1763 1045 1794 eccl.
1063 1763 1117 1803 (A.
1137 1764 1186 1800 14,
1204 1762 1228 1794 f.
1247 1764 1304 1794 163
1321 1767 1349 1799 ²3
1372 1761 1406 1792 V.
1424 1763 1474 1799 71.
1492 1770 1545 1802 ep.
1563 1761 1650 1801 289.)

827 1814 960 1846 12480.
975 1834 1014 1839 --
1030 1816 1217 1857 Arclziep.us
1230 1815 1442 1856 Neapolitan.,
1462 1820 1491 1846 et
1507 1825 1594 1857 ep.us
1606 1814 1734 1854 Nolam,
1751 1825 1787 1846 ac
1802 1815 1871 1846 abb.
1891 1820 2020 1847 monast.
2038 1826 2063 1847 s.
2085 1815 2229 1847 Severini
2248 1814 2382 1857 Major-it
2431 1854 2436 1860 ἡ

779 1870 978 1911 Νεαροῖὶιαη.
999 1870 1121 1901 dantur
1140 1871 1177 1901 ut
1193 1869 1326 1909 judices
1343 1870 1600 1900 conservatores
1624 1868 1701 1900 abb.
1725 1870 1758 1900 et
1779 1877 1876 1901 conv.
1900 1870 2046 1901 monast.
2065 1869 2204 1904 Caven„
2220 1868 2264 1900 ad
2277 1868 2323 1901 R.
2339 1867 2380 1901 E.

780 1924 874 1955 nullo
893 1924 1004 1954 medio
1021 1924 1156 1962 pertin„
1176 1923 1215 1954 Ο.
1233 1923 1266 1954 S.
1284 1923 1336 1959 Β.,
1355 1923 1557 1954 Salernitan.
1577 1922 1622 1953 di.
1641 1923 1693 1961 (A.
1711 1924 1761 1960 15,
1781 1922 1804 1953 f.
1825 1924 1883 1954 157
1900 1927 1928 1959 ⁸3
1953 1921 1987 1953 V.
2006 1924 2056 1961 72,
2073 1930 2127 1962 ep.
2147 1922 2251 1962 1095.)

827 1975 962 2008 12181.
980 1995 1019 2000 -
1035 1978 1146 2009 Mand.
1163 1977 1279 2008 rectore·
1293 1977 1420 2007 ducatus
1437 1976 1597 2016 Spoletan.
1619 1977 1657 2008 ut
1672 1977 1715 2007 ad
1729 1977 1936 2016 parcendum
1951 1977 2111 2023 expensis
2129 1984 2215 2016 quas
2229 1975 2382 2007 Moricus

779 2031 907 2062 heremi
924 2040 951 2062 s.
970 2031 1088 2062 Crucis
1104 2031 1223 2062 Fontis
1242 2030 1415 2061 Avellanae
1430 2030 1524 2069 prlor
1545 2029 1721 2061 subiturus
1737 2030 1840 2066 esset,
1859 2029 1889 2060 si
1905 2038 1984 2061 eum
2006 2030 2176 2069 oporteret
2193 2028 2380 2069 personali-

779 2086 831 2116 ter
846 2085 887 2115 ad
902 2084 935 2115 S.
954 2084 994 2115 A.
1013 2085 1182 2118 accedere,
1199 2084 1360 2115 Romanae
1377 2083 1468 2114 Eccl.
1485 2083 1621 2114 nomine
1637 2082 1814 2114 fidelitatis
1832 2082 1874 2114 ab
1887 2082 1962 2122 ipso
1977 2082 2120 2123 recipiat
2137 2082 2279 2127 solitum
2289 2081 2381 2123 jura-

780 2139 943 2169 mentum.
968 2138 1019 2177 (A.
1041 2139 1091 2175 14,
1108 2137 1131 2167 f.
1154 2138 1193 2167 67
1209 2142 1241 2173 ³3
1263 2136 1299 2167 V.
1319 2138 1370 2174 71,
1387 2144 1440 2175 ep.
1456 2137 1521 2174 63.)

826 2188 961 2220 12182.
978 2207 1017 2212 -
1030 2190 1115 2230 Ep.o
1127 2189 1296 2230 Linqonen.
1315 2189 1428 2220 mand.
1444 2198 1505 2229 pro
1521 2189 1713 2228 receptione
1726 2189 1890 2229 Stephani
1905 2188 1982 2220 abb.
2000 2190 2148 2220 monast.
2162 2197 2188 2219 s.
2204 2188 2382 2221 Michaelis

779 2244 820 2275 de
837 2244 1045 2281 Torn0d0r0‚
1065 2244 1103 2275 O.
1123 2244 1157 2274 S.
1179 2244 1231 2280 Β.,
1255 2243 1441 2283 Lingonen.
1464 2242 1522 2279 di.,
1542 2242 1583 2273 in⁴
1595 2251 1685 2274 mon.
1702 2244 1848 2274 monast.
1862 2242 2069 2280 Molismen.‚
2091 2242 2162 2274 ord.
2183 2243 2217 2274 et
2234 2242 2282 2274 di.
2297 2251 2367 2283 prae

779 2297 958 2335 dictorum,
976 2297 1006 2327 si
1024 2306 1099 2328 eum
1117 2296 1295 2336 contigerit
1310 2296 1428 2327 cedere
1445 2295 1604 2336 regimini
1620 2295 1752 2335 praefati
1768 2297 1915 2327 monast.
1933 2305 1961 2327 s,
1979 2295 2168 2333 Michaelis,
2187 2295 2278 2336 quod
2294 2295 2380 2328 adeo

778 2350 813 2381 in
829 2350 1067 2390 spiritualibus
1083 2351 1115 2381 et
1133 2349 1381 2389 temporalibus
1395 2349 1519 2380 defecit
1532 2350 1569 2380 ut
1585 2357 1645 2389 per
1662 2349 1791 2381 dictum
1809 2349 1885 2381 abb.
1903 2358 1970 2381 non
1985 2350 2116 2389 poterat
2131 2349 2256 2389 apponi
2271 2357 2378 2382 reme·

778 2403 871 2435 dium
890 2405 1129 2443 opportunum.
1145 2403 1199 2444 (A.
1219 2405 1268 2440 14,
1284 2403 1307 2434 f.
1319 2403 1359 2434 68
1371 2402 1401 2439 ¹³3
1426 2402 1458 2433 V.
1476 2404 1526 2440 71,
1543 2411 1595 2443 ep.
1613 2402 1681 2442 66.)

823 2454 958 2486 12183.
970 2457 1131 2488 —Mand.
1151 2466 1220 2498 ep.o
1240 2456 1410 2497 Linqonen.
1428 2458 1466 2487 ut
1480 2455 1670 2487 cessionem
1690 2465 1750 2496 per
1771 2455 1980 2496 Stephanum
1997 2455 2073 2487 abb.
2088 2455 2279 2487 faciendam
2293 2455 2382 2487 reci-

776 2510 847 2550 piat
863 2512 895 2542 et
911 2510 1000 2541 dicto
1020 2511 1166 2542 monast.
1194 2519 1221 2541 s.
1243 2510 1419 2542 Michaelis
1434 2510 1475 2541 de
1497 2509 1692 2541 Tornodoro
1709 2509 1884 2549 provideat
1901 2509 1943 2540 de
1958 2517 2103 2549 persona
2118 2508 2186 2549 ipsi
2201 2508 2376 2540 benevisa.

777 2558 829 2603 (Ἀ.
845 2566 895 2601 14,
912 2563 934 2596 f.
951 2566 990 2596 69
1006 2569 1037 2602 ²3
1063 2563 1096 2594 V.
1114 2566 1166 2601 71,
1184 2572 1236 2603 ep.
1253 2563 1322 2603 67.)

822 2614 958 2647 12484.
980 2635 1012 2641 -
1026 2616 1061 2648 S.
1078 2617 1215 2658 Aqerici,
1229 2627 1254 2648 s.
1274 2616 1378 2647 Vieom'
1395 2626 1432 2646 ac
1443 2626 1468 2647 s.
1486 2614 1612 2646 Nicolai
1626 2615 1662 2646 de
1674 2614 1772 2646 Prato
1788 2614 1957 2647 Virdunen.
1975 2620 2106 2646 monast.
2125 2614 2193 2645 abb.
2210 2614 2325 2646 mand.
2341 2615 2380 2647 ut

774 2671 875 2702 Petro
891 2671 931 2702 de
943 2671 1081 2702 Noeriis
1098 2670 1271 2702 conferant
1285 2669 1471 2701 cantoriam
1491 2669 1572 2700 eccl.
1591 2669 1778 2700 Virdunen.
1797 2678 1868 2700 vac.
1886 2678 1946 2709 per
1960 2668 2041 2701 obit.
2059 2668 2173 2700 ultimi
2188 2669 2293 2704 cant.;
2308 2675 2378 2699 non

775 2723 861 2756 obst.
877 2724 912 2755 in
929 2724 1002 2755 ead.
1019 2725 1052 2755 et
1067 2723 1323 2755 Autisiodorcn.
1337 2722 1417 2754 eccl.
1434 2731 1553 2754 canon.
1570 2723 1603 2753 et
1617 2721 1721 2762 praeb.
1730 2731 1740 2760 ;
1757 2722 1936 2754 irritantur
1947 2722 2070 2754 litterae
2086 2722 2196 2762 apost.
2213 2729 2274 2761 per
2289 2728 2380 2761 quas

774 2777 878 2818 dign.‚
898 2778 938 2809 ad
949 2778 1189 2817 qu'uscumque
1206 2777 1320 2808 collat.
1337 2776 1475 2816 pertin..
1492 2776 1527 2807 in
1545 2776 1617 2807 ead.
1635 2776 1825 2808 Virdunen.
1838 2776 1918 2808 eccl.
1937 2775 2123 2816 exspectat.
2137 2774 2191 2815 (A.
2210 2775 2260 2812 14,
2276 2773 2300 2805 f.
2317 2775 2379 2812 95;

779 2831 816 2862 V.
835 2833 885 2866 71,
908 2839 960 2870 ep.
983 2830 1067 2870 170.)

819 2884 829 2894 “
857 2882 989 2913 12485.
1014 2903 1052 2907 -
1068 2884 1247 2916 Concessio
1261 2892 1380 2915 annuae
1395 2885 1427 2915 et
1441 2883 1595 2915 vitalitiae
1610 2883 1786 2923 pensionis
1802 2884 1842 2915 25
1856 2883 1916 2914 lib.
1933 2891 2037 2923 super
2050 2883 2196 2914 monast.
2213 2880 2379 2918 Casaedei,

773 2938 1069 2969 Praemonstraten.
1087 2938 1172 2976 ord.,
1187 2938 1349 2969 Auxitan.
1366 2937 1424 2974 di.,
1447 2936 1543 2968 Vicali
1555 2937 1685 2977 Mesatis
1698 2945 1772 2968 can.
1787 2937 1932 2968 monast.
1949 2936 1988 2968 Β.
2010 2935 2056 2967 Μ.
2072 2935 2114 2966 de
2128 2934 2276 2975 Capella,
2294 2933 2378 2965 dicti

772 2991 856 3027 ord.,
876 2991 1034 3022 Tolosan.
1057 2991 1116 3029 di.,
1141 2991 1214 3023 loco
1234 2991 1356 3023 domus
1377 2991 1417 3022 de
1435 2990 1628 3022 Levinhaco
1653 2990 1719 3029 ipsi
1745 2990 1826 3022 olim
1843 2990 1886 3021 ad
1909 2989 2015 3021 vitam
2038 2996 2206 3020 concessae
2227 2989 2260 3019 et
2276 2986 2378 3018 modo
