2566 3562
174 428 279 456 Datum
308 421 491 456 Avenione.

222 528 259 557 18
275 536 338 556 που.
359 527 447 555 1319.

217 573 279 606 (xiv
299 571 358 599 kal.
379 569 457 606 dec.)

185 688 199 714 ι
218 685 301 723 (kai.)
322 686 380 714 dec.
397 686 485 715 1319.

295 951 331 979 Ut
347 959 370 978 s.

164 1058 199 1085 10
217 1058 259 1093 (iv
277 1056 327 1092 id.)
342 1056 399 1084 dec.
420 1057 506 1084 1319.

293 1217 329 1245 Ut
348 1224 372 1244 s.

297 1749 333 1777 Ut
353 1758 377 1777 s.

297 1963 334 1991 Ut
354 1971 377 1991 s.

231 2163 242 2171 ⁸
299 2175 333 2204 L't
354 2184 376 2203 s.

297 2548 332 2576 Ut
352 2557 376 2576 ε.

299 2813 335 2840 Ut
357 2821 380 2840 s.

183 2970 303 3006 13(i‹1.)
323 2971 380 2999 dec.
402 2971 489 2999 1319.

166 1430 207 1457 ,12
223 1433 256 1465 (11
272 1429 322 1465 id.)
341 1429 399 1458 dec.
416 1429 503 1458 1319.

553 333 726 365 JOANNIS
750 334 868 365 PAPAE
890 335 990 366 XXII.
1014 336 1263 376 (1316-1334).
1287 355 1325 359 —
1347 337 1532 367 LITTERAE
1558 337 1609 367 DE
1633 337 1756 368 CURIA
2113 342 2170 371 153

619 523 738 556 12041
749 548 756 556 .
768 545 807 550 —-
818 527 871 559 Ad
886 527 1035 558 futuram
1049 528 1097 559 rei
1116 528 1326 559 memoriam.
1340 528 1472 560 Citatur
1485 528 1653 561 Robertus
1669 530 1709 560 de
1723 531 1811 561 Brus
1825 530 1882 570 qui
1897 531 2017 563 Scotiae
2029 540 2170 572 regnum

571 579 737 619 gubernat
753 582 791 612 ut
808 580 886 620 hinc
903 581 945 611 ad
961 581 1029 611 kal.
1049 581 1134 612 Maii
1155 581 1310 620 proxime
1333 582 1465 612 suturas
1486 583 1670 621 apostolico
1687 592 1722 614 se
1739 584 1934 623 conspectui
1952 586 2171 624 repraesentet

572 633 671 672 eique
686 633 785 664 datur
802 634 916 665 littera
928 634 1121 665 securitatis
1133 634 1167 664 in
1179 634 1354 672 veniendo,
1369 635 1531 666 morando
1544 637 1576 666 et
1590 636 1771 667 redeundo.
1785 637 1837 675 (V.
1852 638 1900 674 70,
1912 646 1964 677 ep.
1975 639 2024 674 ⁶22,
2041 638 2076 668 de
2091 639 2169 678 cur.)

617 683 753 715 12042.
774 703 813 708 -
834 686 1015 727 Raymundo
1033 697 1102 726 ep.o
1124 687 1332 725 Colimbrien.,
1351 692 1379 717 et
1395 698 1493 728 mayq.
1517 688 1636 719 Amelio
1654 689 1690 719 de
1706 689 1851 727 Berom‘a,
1868 700 1936 720 can.
1956 691 2121 726 Timonem,
2136 702 2172 723 ac

571 738 743 770 Raimundo
764 740 801 770 de
818 739 925 777 Serra,
945 741 1056 770 rectori
1071 740 1202 780 paroch.
1223 740 1294 772 eccl.
1317 740 1353 771 de
1367 741 1538 778 Marvinlzs,
1561 742 1728 773 [ruthenen.
1751 742 1807 778 di„
1829 743 1915 780 eccl„
1934 744 1973 774 A.
1989 744 2023 775 S.
2043 745 2169 782 nuntiis,

571 793 684 824 mand.
708 794 746 824 ut
769 801 788 824 a
809 793 1047 824 collectoribus
1066 793 1274 824 decimarum
1295 794 1534 833 impositorum
1556 795 1591 825 in
1613 796 1727 834 regnis
1749 797 1781 826 et
1801 797 1901 828 terris
1924 797 1995 837 regi
2014 798 2171 829 Castellae

572 845 734 886 subjectis
751 855 813 885 pro
835 846 969 886 negotio
992 846 1087 886 regni
1108 846 1264 878 Granatae
1283 847 1421 886 exigant
1443 849 1593 879 curatam
1620 849 1786 879 rationem
1810 849 1850 880 de
1871 850 1956 889 ipsis
1980 850 2122 882 decimis
2139 852 2171 882 et

571 899 708 929 residua
723 899 876 938 ipsarum
894 899 1102 930 decimarum
1117 899 1294 939 recipiant.
1314 900 1367 936 (V.
1384 902 1432 937 70,
1450 908 1504 940 ep.
1523 903 1571 938 17,
1586 900 1622 931 de
1640 903 1719 939 cur.)

618 949 752 980 12043.
767 970 806 975 --
822 952 967 983 Securus
980 952 1096 982 salvus
1113 953 1297 983 conductus
1313 962 1394 992 may.
1414 952 1575 983 Guillelmo
1590 954 1625 984 de
1639 964 1663 983 s.
1680 954 1780 992 Jorz'o,
1800 954 1925 986 decano
1942 956 2022 986 eccl.
2039 956 2172 988 Colum·

570 1004 692 1041 brien.,
708 1004 748 1035 A.
763 1005 796 1036 S.
813 1005 932 1036 nuntio
949 1005 983 1035 in
1000 1005 1177 1044 Hispania.
1196 1005 1250 1044 (V.
1270 1007 1319 1042 70,
1338 1015 1390 1045 ep.
1409 1008 1459 1042 30,
1477 1006 1513 1036 de
1530 1009 1609 1046 cur.)

617 1054 751 1087 12044.
772 1075 810 1080 -
827 1058 913 1098 Ερ.ο
936 1057 1136 1089 Aurelianen.
1158 1058 1258 1089 facul.
1280 1058 1479 1090 absolvendi
1496 1059 1537 1090 ab
1555 1068 1684 1091 excom.
1710 1060 1859 1091 scolares
1878 1061 2095 1093 Aurelianen.
2114 1062 2171 1102 qui

571 1111 688 1142 contra
702 1111 860 1142 contenta
875 1110 911 1141 in
926 1111 1034 1151 eJusd.
1053 1111 1158 1142 studii
1174 1112 1415 1143 reformatione
1434 1114 1610 1144 venerunt.
1628 1113 1681 1152 (V.
1696 1115 1745 1151 70,
1760 1123 1812 1153 ep.
1829 1115 1879 1152 31,
1890 1113 1925 1144 de
1942 1125 2005 1146 cur.
2018 1125 2026 1152 3
2040 1115 2170 1153 Cozllon,

570 1172 603 1195 n.
623 1165 709 1202 972.)

617 1214 752 1246 12045.
770 1235 808 1240 -—-
828 1217 994 1248 Gazccelino
1018 1228 1058 1249 ss.
1080 1218 1255 1249 Marcellini
1275 1224 1302 1248 cl
1325 1218 1412 1249 Petri
1429 1219 1534 1260 presb.
1553 1219 1652 1257 card„
1673 1221 1712 1251 A.
1729 1221 1763 1252 S.
1784 1220 1915 1259 nuntio,
1932 1222 2044 1252 mand.
2062 1223 2110 1259 ut,
2131 1223 2173 1253 ad

571 1270 788 1302 securitatem
814 1271 1024 1302 studentium
1047 1271 1083 1302 in
1104 1272 1217 1303 studio
1241 1272 1473 1310 Aurelianen.‚
1500 1273 1657 1305 decernat
1683 1282 1812 1304 excom.
1841 1275 2044 1305 sententiam
2068 1275 2172 1306 latam

571 1333 631 1364 per
652 1325 909 1355 conservatores
925 1324 1185 1364 privilegiorum
1208 1325 1273 1356 eid.
1295 1326 1408 1356 studio
1433 1325 1474 1357 ab
1499 1328 1540 1357 A.
1566 1326 1600 1358 S.
1621 1335 1860 1359 concessorum
1882 1336 1948 1359 non
1970 1328 2170 1360 subsistere.

573 1376 623 1415 (V.
642 1378 691 1415 70,
708 1386 761 1417 ep.
780 1379 830 1416 32,
849 1376 886 1407 de
903 1387 987 1415 cur.;
1008 1377 1137 1415 Goulon,
1157 1387 1190 1409 n.
1207 1378 1293 1418 971.)

617 1427 751 1460 12046.
773 1449 811 1454 --
830 1430 1007 1472 Raymundo
1021 1441 1087 1471 ep.o
1108 1431 1315 1462 Columbricn.
1338 1437 1365 1462 el
1382 1443 1484 1473 maqq.
1503 1433 1625 1464 Amelio
1641 1433 1677 1463 de
1696 1434 1841 1472 Beronia,
1860 1445 1927 1465 can.
1954 1435 2118 1474 Turonen„
2137 1446 2173 1466 ac

570 1483 743 1514 Raimundo
761 1483 798 1514 de
811 1483 919 1521 Serra,
943 1485 1057 1515 rectori
1070 1485 1201 1525 paroc-lc.
1222 1484 1294 1515 eccl.
1317 1485 1354 1516 de
1374 1485 1545 1524 ΜανυῖηΙιε,
1561 1486 1732 1517 Bulbenen.
1750 1487 1807 1525 dit,
1831 1488 1916 1525 eccl,
1930 1489 1969 1519 A.
1991 1488 2026 1519 S.
2044 1489 2171 1525 nuntiis,

571 1537 684 1568 mand.
703 1538 740 1568 ut
755 1537 930 1577 inquirant
945 1538 986 1569 de
1002 1539 1159 1578 personis
1173 1538 1338 1569 ordinatis
1352 1541 1383 1570 et
1397 1540 1519 1579 positis
1531 1549 1591 1579 per
1606 1541 1752 1579 Ispalen.
1771 1542 1803 1572 et
1817 1541 1971 1573 Toletan.
1985 1542 2173 1582 archiepos

572 1599 609 1622 ac
634 1599 730 1630 ep.0s
754 1590 944 1622 Corduben.
967 1591 1055 1622 circa
1079 1592 1354 1631 praedicationem
1377 1593 1486 1624 crucis
1508 1595 1540 1624 et
1566 1593 1760 1624 subsidium
1782 1596 1898 1626 contra
1920 1595 2034 1626 hostes
2059 1597 2172 1626 aucto-

571 1644 672 1675 ritate
691 1647 798 1683 apost.
826 1645 1069 1684 postulandum
1091 1646 1124 1676 et
1149 1645 1238 1685 quod
1259 1646 1452 1685 significent
1477 1647 1518 1677 ad
1539 1655 1640 1686 quam
1663 1656 1832 1678 summam
1852 1649 1965 1687 potest
1990 1649 2171 1680 ascendere

572 1697 686 1737 ipsum
700 1697 905 1735 subsidium,
923 1699 955 1729 et
972 1698 1001 1729 si
1017 1698 1052 1728 in
1067 1698 1152 1729 locis
1173 1699 1255 1730 tutis
1271 1699 1472 1731 custoditur.
1491 1699 1541 1740 (V.
1561 1701 1610 1738 70,
1631 1709 1682 1740 ep.
1700 1702 1751 1738 24,
1768 1700 1803 1731 de
1819 1702 1898 1740 cur.)

619 1747 754 1779 12047.
774 1769 812 1773 -
828 1750 960 1791 Riqaldo
977 1751 1013 1781 de
1033 1751 1156 1782 Asserio
1175 1751 1266 1782 electo
1299 1751 1514 1790 Winctonien.‚
1533 1752 1599 1783 PP.
1622 1763 1703 1794 cop,
1723 1754 1763 1784 A.
1785 1754 1820 1784 S.
1844 1754 1962 1792 nuncio,
1982 1755 2172 1786 declaratur

572 1804 674 1843 quod,
692 1803 772 1835 licet
795 1804 840 1835 sit
862 1804 1016 1844 elapsum
1032 1804 1217 1836 triennium
1233 1805 1267 1836 in
1287 1805 1412 1836 litteris
1429 1806 1600 1837 fructuum
1614 1807 1718 1846 prImi
1739 1807 1818 1838 anni
1837 1807 2080 1839 beneficiorum
2101 1818 2168 1839 vac.

573 1858 778 1894 contentum,
795 1857 906 1889 valeat
929 1858 1064 1897 exigere
1087 1858 1195 1889 dictos
1218 1858 1347 1889 fructus
1364 1859 1421 1898 qui
1439 1859 1527 1890 infra
1547 1860 1674 1890 dictum
1695 1860 1881 1892 triennium
1904 1861 2112 1893 debebantur
2134 1862 2169 1892 in

571 1910 703 1950 Angliae
716 1911 748 1941 et
761 1910 881 1942 Scotiae
894 1911 1008 1951 regnis
1024 1920 1061 1942 ac
1077 1911 1250 1943 Hiberniae
1265 1913 1296 1943 et
1310 1912 1431 1943 Valliae
1448 1913 1613 1952 partibus.
1632 1913 1687 1953 (V.
1704 1914 1754 1951 70,
1771 1923 1823 1953 ep.
1842 1915 1892 1951 25,
1910 1914 1947 1945 de
1960 1917 2038 1954 cur.)

618 1960 753 1992 12048.
773 1980 811 1985 —-—
833 1962 923 1994 Unio.
950 1963 1067 1994 Christi
1085 1964 1226 2004 fidelibus
1239 1970 1400 2005 praesentes
1418 1965 1475 1997 litt.
1497 1966 1688 2005 inspecturis.
1709 1967 1910 1998 Declaratur
1929 1968 2018 2007 quod
2034 1968 2171 2007 quidam

572 2012 657 2048 exiti
680 2017 899 2054 Recanaten.,
920 2017 1102 2048 Auximan.
1123 2019 1155 2049 et
1178 2018 1391 2055 Urbinaten.‚
1416 2019 1474 2058 qui
1497 2020 1532 2050 in
1554 2019 1738 2051 rebellione
1762 2021 1876 2051 contra
1899 2021 1940 2052 R.
1959 2021 1997 2051 E.
2016 2030 2083 2052 non
2100 2021 2171 2052 fue-

572 2071 662 2108 runt,
690 2079 757 2101 non
775 2070 992 2102 includantur
1011 2071 1046 2101 in
1064 2071 1173 2110 poenis
1191 2072 1358 2102 contentis
1381 2072 1415 2102 in
1441 2073 1659 2111 processibus
1682 2073 1820 2112 habitis,
1839 2082 1900 2105 nec
1922 2074 1957 2104 in
1977 2074 2076 2105 bonis
2100 2075 2171 2106 suis

573 2124 789 2164 aliquatenus
805 2123 1040 2156 molestentur.
1056 2124 1110 2163 (V.
1128 2126 1177 2162 70,
1199 2134 1251 2164 ep.
1266 2127 1315 2163 26,
1333 2125 1369 2156 de
1383 2125 1461 2165 cur.)

619 2174 754 2206 12049.
775 2196 813 2200 -
831 2177 990 2207 Nobilibus
1007 2178 1083 2208 viris
1099 2178 1295 2208 Bernardino
1309 2179 1413 2209 comiti
1428 2179 1464 2209 de
1483 2179 1588 2215 Cumo,
1609 2179 1793 2220 Pandulplco
1811 2185 1839 2211 et
1858 2180 2038 2211 Ferraiztino
2056 2181 2091 2212 de
2105 2182 2172 2212 Ma-

573 2229 687 2260 lalestis
702 2230 738 2260 de
750 2231 904 2269 Arimino,
920 2230 1063 2268 Guidom}
1078 2231 1205 2272 Aslaqio
1219 2237 1245 2261 el
1257 2231 1381 2262 Albi-ico
1393 2232 1429 2262 de
1442 2231 1584 2270 Polenla‚
1600 2232 1764 2264 Francisco
1777 2233 1813 2264 de
1825 2233 1994 2274 Manfredis
2008 2234 2044 2265 de
2055 2234 2171 2265 Foven-

573 2284 615 2313 tia
630 2289 657 2314 ec
669 2284 804 2315 Bizardo
817 2284 883 2324 ejus
892 2283 972 2324 filio,
985 2284 1138 2315 Leoncino
1152 2290 1181 2315 et
1195 2285 1413 2315 Franciscliino
1424 2285 1460 2316 de
1476 2285 1620 2323 ῑάίὸοηα,
1634 2286 1788 2325 Fulcerio,
1803 2287 1965 2318 Francisco
1979 2292 2006 2317 et
2019 2287 2171 2318 Nicolulio

572 2337 609 2368 de
627 2337 755 2368 Calbqu
768 2337 812 2368 Ε.
829 2338 868 2368 R.
883 2337 1037 2377 fidelibus,
1053 2338 1214 2369 scribitur
1230 2339 1319 2378 quod
1336 2339 1472 2370 credant
1484 2348 1571 2379 mag.
1591 2340 1771 2379 Aymerico
1789 2340 1828 2371 de
1844 2340 2058 2378 Castrolucii‚
2077 2342 2116 2372 A.
2136 2341 2169 2373 S.

573 2390 708 2427 nuncio,
726 2390 824 2430 eique
848 2392 880 2422 et
900 2391 973 2422 suis
990 2391 1124 2422 nunciis
1146 2391 1180 2422 in
1203 2391 1256 2422 his
1274 2401 1348 2431 quae
1374 2392 1414 2423 ab
1432 2393 1517 2432 ipsis
1537 2392 1696 2431 petierint
1715 2402 1751 2424 se
1769 2393 1939 2433 praebeant
1959 2393 2112 2425 efficaces
2130 2394 2171 2424 ad

573 2443 753 2475 rebellium
762 2444 843 2475 eccl.
857 2444 1020 2476 Romanae
1034 2444 1069 2475 iu
1081 2444 1283 2476 Anconitan.
1299 2445 1448 2476 marchia
1463 2445 1658 2485 superbiam
1672 2446 1904 2477 edomandam.
1919 2446 1973 2485 (V.
1991 2447 2040 2484 70,
2056 2455 2106 2486 ep.
2120 2449 2168 2484 36,

574 2497 610 2528 de
626 2497 704 2537 cur.)

620 2547 754 2578 12050.
781 2568 818 2573 —
842 2550 924 2590 May.
951 2544 1114 2591 Ay'merico
1138 2551 1173 2581 de
1199 2551 1384 2582 Cascrolucii
1408 2551 1527 2581 archid.
1560 2551 1819 2591 Transviqennen.
1846 2552 1876 2582 in
1901 2551 1972 2583 eccl.
2005 2551 2170 2590 Tmonen„

573 2603 612 2634 A.
637 2603 673 2634 S.
696 2603 815 2639 nuntio,
840 2603 1000 2635 scribitur
1023 2604 1113 2643 quod
1132 2605 1224 2644 petat
1244 2604 1436 2635 subsidium
1465 2604 1670 2643 supradictis
1695 2604 1868 2635 nobilibus
1887 2605 2002 2635 contra
2026 2605 2170 2636 rebelles

573 2655 730 2687 Marchiae
745 2656 946 2687 Anconitan.
963 2658 995 2688 et
1008 2657 1106 2692 alios,
1122 2666 1188 2688 non
1202 2657 1357 2688 obstante
1372 2666 1508 2688 recessu
1525 2657 1591 2696 ep.i
1609 2657 1803 2688 Atrebaten.
1818 2676 1855 2680 ——
1869 2658 1895 2688 I.
1913 2666 1941 2688 e.
1959 2666 2003 2688 m.
2021 2658 2078 2688 eid.
2095 2666 2171 2689 cum

573 2710 739 2748 potestate
762 2709 937 2749 aperiendi
956 2709 1022 2741 litt.
1045 2719 1119 2749 ep.o
1140 2710 1326 2741 Bononien.
1353 2711 1509 2747 directas,
1534 2710 1563 2740 si
1583 2709 1622 2740 de
1643 2710 1794 2741 Bononia
1812 2710 2001 2747 recesserit,
2023 2712 2054 2742 et
2071 2711 2172 2750 depu-

573 2761 667 2793 tandi
685 2761 832 2801 aliquem
850 2762 891 2793 ad
907 2763 1122 2802 adimplenda
1138 2764 1293 2794 contenta
1311 2763 1346 2793 iu
1362 2763 1423 2794 eis.
1443 2763 1494 2801 (V.
1518 2764 1567 2800 70,
1586 2771 1637 2802 ep.
1653 2764 1704 2799 37,
1724 2762 1758 2792 de
1775 2764 1852 2801 cur.)

621 2811 756 2843 12051.
774 2832 813 2837 -—
827 2814 1046 2853 Potescatibus,
1070 2816 1214 2852 consiliis,
1235 2815 1497 2845 communitatibus
1515 2819 1542 2844 et
1555 2814 1680 2855 populis
1696 2814 1882 2851 Ariminen„
1902 2815 2089 2854 Cesenaten„
2110 2817 2173 2849 Ra-

574 2871 750 2902 vennatem,
773 2866 925 2904 Cervien„
947 2867 1110 2899 Faventin.
1130 2873 1157 2898 ec
1178 2868 1306 2898 Imolcn.
1325 2868 1481 2898 civitatum
1501 2867 1579 2899 eccl.
1597 2869 1758 2899 Romanae
1777 2868 1935 2900 fidelibus
1954 2869 2113 2901 scribitur
2133 2871 2173 2902 de

574 2919 769 2959 hujusmodi
785 2919 940 2951 subsidio
956 2922 1072 2952 contra
1090 2921 1235 2952 rebelles
1252 2921 1410 2953 Marchiae
1426 2921 1660 2960 impendendo.
1680 2920 1730 2958 (V.
1750 2922 1799 2958 70,
1816 2930 1868 2961 ep.
1887 2923 1936 2959 38,
1954 2922 1990 2953 de
2001 2925 2079 2962 cur.)

623 2969 757 3002 12052.
777 2990 816 2995 —-—
831 2973 1000 3013 Archiep.o
1020 2973 1239 3013 Salzeburqen.
1260 2974 1383 3014 ejusque
1398 2974 1613 3013 suffroyaneis,
1636 2973 1682 3003 vel
1697 2983 1799 3004 eorum
1817 2974 1941 3005 vicariis
1956 2977 2068 3007 mand.
2087 2977 2174 3016 quod

576 3025 776 3065 provideant
791 3026 831 3056 de
850 3034 969 3057 securo
985 3026 1151 3058 conductu
1168 3027 1334 3058 Ademaro
1353 3026 1492 3066 Tliargze
1509 3027 1541 3057 et
1558 3026 1733 3058 Manfredo
1749 3027 1789 3059 de
1804 3027 1980 3066 Montiliis‚
2000 3038 2037 3060 ac
2051 3030 2175 3061 Jacobo

295 3073 440 3101 JOANNlS
456 3074 538 3101 xxn.
557 3089 591 3094 -
612 3074 642 3101 T.
667 3074 714 3102 111.
2001 3078 2036 3106 20
