2566 3562
230 429 335 456 Datum
351 422 536 457 Avenione.

271 525 313 554 24
329 526 387 554 dec.
404 525 493 554 1320.

279 574 323 606 (lx
339 570 398 598 kal.
412 570 487 607 jan.)

283 615 315 642 T.
329 615 389 649 XII,
405 614 476 642 xlv.

342 739 377 766 Ut
397 747 421 766 s.

319 784 349 811 T.
371 783 441 811 XVI.

264 1111 306 1138 26
321 1110 380 1138 dec.
401 1110 489 1139 1320.

262 1159 318 1192 (v11
335 1155 394 1184 kal.
412 1155 488 1192 jan.)

338 1271 372 1299 Ut
391 1280 415 1298 s.

283 1316 315 1344 T.
333 1316 380 1351 XI,
399 1316 470 1344 XIII.

334 1485 371 1513 Ut
391 1494 415 1513 s.

280 1530 310 1558 T.
326 1530 385 1565 XII,
402 1531 472 1560 XIV.

259 1700 299 1729 28
318 1700 376 1728 dec.
400 1701 488 1729 1320.

276 1745 308 1782 (v
322 1745 472 1781 kahjan.)

260 1789 291 1816 T.
306 1790 377 1824 XVI,
392 1790 488 1817 XVIII.

334 1914 371 1942 Ut
386 1923 410 1942 s.

231 1958 262 1986 T.
278 1959 314 1986 XI
331 1960 373 1994 ¹l2,
393 1958 454 1986 XIII
472 1959 518 1994 ¹s2.

336 2287 372 2315 Ut
392 2296 415 2316 s.

240 2382 243 2384 ’
261 2393 300 2420 29
316 2393 374 2422 dec.
392 2393 478 2422 1320.

268 2440 311 2473 (ιν
330 2438 389 2465 kal.
406 2438 482 2475 jan.)

309 2482 341 2511 τ.
359 2482 439 2511 Lxx.

336 2765 372 2792 Ut
387 2773 410 2792 s.

275 2809 306 2836 T.
321 2809 380 2843 XII,
396 2809 467 2838 XIV.

593 335 765 366 JOANNIS
789 336 907 366 PAPAE
929 336 1030 367 XXII.
1053 338 1303 377 (1316-1334).
1327 355 1364 360 —
1386 337 1571 367 LITTERAE
1597 337 1821 369 COMMUNES
2164 343 2223 373 227

671 527 807 560 12775.
823 548 862 552 ——
874 529 947 561 Eid.
965 530 1075 568 gratia
1087 539 1183 570 exsp.
1202 530 1312 561 benef.
1329 529 1441 561 saecul.
1457 539 1484 560 c.
1500 539 1527 560 c.
1539 529 1594 560 vel
1609 538 1637 561 s.
1656 539 1684 561 c.
1702 530 1837 561 etiamsi
1853 530 2013 571 dignitas,
2026 532 2222 564 administr.

624 583 678 614 vel
693 585 894 623 personatus
911 583 1036 615 existat
1052 583 1086 614 in
1097 583 1189 614 civit.
1208 583 1261 614 vel
1274 583 1319 613 di.
1333 582 1535 620 Ariminen.,
1551 583 1593 614 ad
1608 583 1850 623 cujuscumque
1867 584 1978 616 collat.
1998 585 2134 624 pertin.,
2153 595 2221 618 non

624 635 711 668 obst.
731 638 768 667 ut
784 645 813 668 S.
828 653 866 658 —
883 637 910 667 I.
927 645 955 668 e.
973 644 1018 667 m.
1037 636 1124 676 ep.is
1138 635 1322 675 jamdictis,
1344 644 1381 667 ac
1397 635 1541 675 plebano
1558 635 1669 675 plebis
1688 636 1729 667 de
1744 637 1988 675 Montesancto,
2005 638 2155 670 Firman.
2172 639 2220 671 di.

622 689 677 730 (A.
695 691 744 726 14,
759 689 781 720 f.
801 691 858 720 174
873 689 903 726 b;
920 690 962 720 V.
979 691 1028 724 71,
1045 698 1098 729 ep.
1113 688 1200 727 334.)

669 739 804 771 12776.
821 759 859 765 —-
875 742 1000 773 Hectori
1015 741 1159 772 marckiae
1175 741 1364 772 Anconitan.
1382 741 1495 772 mand.
1510 742 1548 772 ut
1561 742 1741 781 compellat
1753 742 1884 781 judaeos
1895 743 2098 775 Maceraten.
2114 745 2220 782 civit.‚

623 795 680 835 qui
699 803 823 826 usuras
834 795 875 826 ad
888 795 1030 834 triplum
1044 803 1132 825 verae
1148 794 1250 825 sortis
1262 802 1473 824 summarum
1487 802 1546 833 per
1559 803 1736 825 commune
1748 795 1962 832 Maceraten.,
1979 797 2108 829 ratione
2125 806 2222 838 guer-

621 856 736 879 rarum
752 849 868 879 contra
882 848 922 879 R.
941 848 980 878 E.
998 847 1155 884 rebelles,
1172 848 1514 890 mutuoreceptarum
1529 846 1720 886 exigebant,
1743 850 1934 879 asserentes
1950 857 1986 880 se
2010 850 2220 883 constitutio-

621 900 723 932 nibus
736 902 852 931 contra
865 900 1042 931 usurarios
1060 900 1163 931 editis
1178 908 1246 930 non
1261 899 1372 939 ligari.
1390 899 1443 939 (A.
1459 901 1506 936 15,
1520 899 1542 931 f.
1562 900 1621 930 284
1636 904 1669 935 ιι;
1695 899 1726 930 V.
1746 901 1794 937 72,
1813 910 1866 940 ep.
1884 902 1988 940 1191.)

667 950 802 983 12777.
821 971 859 975 -
883 953 1016 993 Indulg.
1037 963 1053 983 c
1074 953 1206 983 dierum
1231 952 1452 983 visitantibus
1474 952 1555 983 eccl.
1577 953 1779 983 Maceraten.
1805 962 1912 993 nuper
1935 955 1970 985 in
1992 955 2220 988 cathedralem

621 1008 767 1038 erectam
786 1007 820 1037 in
834 1006 1046 1041 Nativitatis,
1062 1005 1337 1038 Resurrectionis
1356 1007 1388 1037 et
1407 1005 1628 1037 Ascensionis
1646 1005 1737 1042 D.ni‚
1756 1015 1793 1037 ac
1811 1007 2039 1045 Pentecostes,
2057 1010 2090 1039 et
2104 1018 2137 1040 1v
2150 1009 2219 1049 glo-

620 1060 719 1091 riosae
733 1060 777 1091 M.
797 1060 839 1092 V.
859 1061 892 1091 et
908 1068 936 1090 s.
951 1059 1079 1091 Juliani
1095 1059 1350 1090 festivitatibus.
1371 1059 1423 1098 (A.
1439 1060 1488 1096 15,
1503 1059 1526 1090 f.
1539 1060 1600 1090 284
1614 1058 1645 1096 b;
1666 1059 1702 1090 V.
1726 1061 1776 1097 72,
1795 1068 1848 1100 ep.
1867 1061 1972 1100 1192.)

667 1110 801 1142 12778.
817 1130 857 1135 -
875 1112 1030 1144 Ludovico
1045 1112 1203 1143 Bolwrani
1218 1121 1312 1152 prov.
1331 1120 1448 1143 canon.
1464 1112 1527 1143 sub
1536 1121 1631 1152 exsp.
1643 1112 1745 1152 praeb.
1764 1113 1845 1144 eccl.
1860 1113 2029 1151 Bunnen.,
2042 1114 2217 1147 Colonien.

620 1167 665 1198 di.
678 1184 717 1189 —-
733 1167 760 1198 I.
778 1175 807 1198 e.
825 1175 870 1197 m.
891 1165 966 1198 abb.
986 1167 1131 1197 monast.
1150 1175 1178 1197 s.
1201 1165 1351 1203 Martini,
1374 1166 1406 1197 et
1421 1165 1554 1197 custodi
1578 1165 1766 1204 Colonien.,
1784 1175 1822 1198 ac
1839 1167 1939 1198 Petro
1963 1167 2120 1206 Duranti‚
2144 1177 2217 1200 can.

619 1219 834 1257 Ebredunen‚
851 1219 902 1260 (A.
921 1221 970 1256 14,
986 1219 1008 1250 f.
1027 1220 1086 1251 152
1101 1218 1130 1257 ¹³3
1157 1219 1192 1250 V.
1213 1221 1263 1255 71,
1279 1228 1331 1259 ep.
1350 1220 1435 1257 237.)

666 1270 799 1302 12779.
822 1291 859 1296 -
876 1272 991 1303 loanni
1010 1271 1155 1308 Cor-radi,
1174 1272 1254 1304 cler.
1275 1272 1504 1312 Fulginaten.,
1529 1272 1638 1312 gratia
1659 1281 1755 1312 exsp.
1779 1272 1890 1304 benef.
1917 1282 1946 1305 c.
1971 1282 1999 1305 c.
2017 1274 2071 1305 vel
2087 1283 2116 1305 s.
2133 1283 2162 1305 c.
2184 1274 2220 1305 in
2254 1299 2257 1302 ,

620 1327 711 1358 civit.
726 1326 780 1358 vel
795 1327 841 1358 di.
858 1326 1113 1366 Balneoregen.,
1128 1326 1252 1366 pertin.
1269 1326 1310 1356 ad
1327 1326 1440 1357 collat.
1457 1326 1525 1365 ep.i
1541 1326 1783 1366 Balneoregen.
1801 1343 1838 1348 —
1857 1327 1883 1358 I.
1903 1336 1931 1358 e.
1954 1336 1999 1358 m.
2019 1335 2095 1367 ep.o
2111 1327 2219 1360 Urbe-

619 1382 743 1416 vetan„
761 1381 794 1412 et
809 1379 884 1412 abb.
903 1381 1047 1412 monast.
1068 1379 1222 1411 Saxivivi
1237 1379 1452 1419 Fulginaten.
1465 1379 1524 1417 di.,
1540 1380 1573 1410 et
1588 1380 1688 1410 Petro
1701 1379 1890 1418 Guillelmi,
1906 1389 2009 1420 praep.
2021 1381 2101 1412 eccl.
2119 1381 2220 1412 Tolo-

620 1442 707 1470 san..
726 1433 795 1464 ΡΡ.
810 1442 883 1473 cap.
900 1433 952 1474 (A.
969 1436 1017 1470 14,
1034 1433 1057 1464 f.
1074 1434 1132 1464 211
1150 1438 1179 1469 ²;
1198 1432 1235 1464 V.
1253 1434 1303 1470 71,
1322 1441 1374 1472 ep.
1394 1432 1478 1472 318.)

665 1484 800 1516 12780.
817 1504 855 1509 -
870 1486 994 1528 Huqoni
1009 1486 1111 1524 Bovis,
1129 1495 1202 1517 can.
1215 1486 1406 1523 Vulteran.‚
1423 1486 1544 1517 indult.
1558 1487 1594 1517 ut
1607 1486 1770 1526 quamdiu
1786 1487 1825 1517 E.
1837 1487 1879 1518 R.
1895 1486 2070 1527 obsequiis
2085 1487 2219 1519 instite-

619 1540 664 1572 rit
678 1540 807 1572 fructus
823 1541 976 1572 omnium
991 1539 1102 1571 benef.
1118 1548 1258 1571 suorum
1272 1539 1401 1579 integre
1416 1540 1591 1579 percipere
1608 1539 1729 1579 possit.
1746 1555 1784 1561 —-
1799 1540 1825 1570 I.
1843 1548 1872 1571 e.
1890 1548 1934 1570 m.
1951 1540 2122 1580 archiep.o
2137 1541 2217 1572 Are·

618 1593 734 1632 laten„
752 1595 784 1625 et
804 1603 831 1625 s.
852 1593 946 1625 Petri
963 1593 1004 1625 de
1022 1593 1163 1625 Cultura
1185 1593 1423 1630 Cenomanen„
1443 1594 1475 1624 et
1498 1593 1539 1624 de
1556 1593 1662 1624 Ecout
1682 1593 1843 1633 Brugen.,
1862 1593 2045 1625 'fornacem
2065 1594 2125 1632 di.,
2146 1603 2219 1625 mo-

618 1648 706 1679 nast.
724 1646 799 1678 abb.
814 1647 866 1686 (A.
887 1648 935 1684 14,
951 1647 974 1678 f.
991 1648 1048 1678 211
1067 1646 1099 1684 l>;
1123 1645 1155 1678 V.
1178 1648 1228 1684 71,
1250 1654 1302 1686 ep.
1317 1647 1402 1685 319.)

665 1697 800 1730 12781.
818 1718 857 1723 -
885 1700 1053 1741 Ανοὴὶερ.ο
1077 1699 1237 1730 Arelaten.
1256 1699 1378 1730 induit.
1407 1701 1443 1730 ut
1470 1708 1503 1730 1v
1523 1699 1638 1730 clerici
1655 1699 1765 1740 ipsius
1786 1699 1974 1731 familiares
1988 1701 2020 1731 et
2036 1700 2216 1731 domestici

618 1754 748 1786 fructus
765 1754 918 1785 omnium
940 1753 1051 1785 benef.
1071 1762 1209 1784 suorum
1228 1753 1355 1792 absque
1375 1753 1560 1784 residentia
1575 1761 1683 1792 usque
1705 1753 1746 1783 ad
1770 1752 1956 1784 triennium
1973 1753 2146 1793 percipere
2163 1762 2219 1785 va-

618 1808 720 1840 leant.
738 1825 776 1830 -
794 1808 820 1838 I.
839 1816 868 1838 e.
887 1816 933 1838 m.
951 1816 1027 1846 ep.o
1057 1806 1279 1846 Forojulien.,
1300 1815 1338 1837 ac
1360 1815 1462 1846 praep.
1486 1806 1708 1843 Avenionen„
1729 1815 1765 1837 ac
1781 1806 1908 1837 archid.
1927 1806 2118 1838 Ruthenen.
2135 1807 2216 1839 eccl.

618 1862 671 1902 (A.
688 1863 737 1898 14,
756 1861 777 1891 f.
797 1862 853 1892 151
872 1860 906 1898 b;
930 1859 962 1891 V.
980 1862 1030 1894 71,
1047 1869 1100 1900 ep.
1118 1859 1205 1897 232.)

664 1911 798 1944 12782.
815 1931 855 1937 -
884 1913 1004 1945 Collat.
1027 1922 1143 1944 canon.
1166 1913 1229 1944 sub
1256 1921 1352 1952 exsp.
1372 1912 1474 1952 praeb.
1502 1921 1561 1943 seu
1586 1912 1754 1952 portionis
1779 1912 1859 1944 eccl.
1888 1913 2060 1952 Aprutin.,
2086 1913 2216 1944 consid.

618 1968 814 1999 Clementiae
829 1967 953 2007 reginae
973 1967 1010 1998 F.
1030 1968 1063 1998 et
1079 1967 1135 2002 N.,
1159 1966 1274 1998 Joanni
1299 1966 1335 1996 de
1358 1966 1497 2003 Teramo,
1514 1965 1591 1996 alias
1616 1965 1697 1996 dicto
1714 1965 1751 1996 de
1776 1965 1933 2001 Civitessa,
1958 1966 2068 2006 ipsius
2087 1966 2168 1998 cler.
2185 1968 2218 1998 et

618 2021 738 2059 famil.,
767 2021 953 2052 domestico
973 2029 1010 2051 ac
1037 2020 1141 2056 fideli,
1161 2020 1218 2059 qui
1244 2028 1361 2051 canon.
1379 2019 1460 2050 eccl.
1480 2019 1652 2056 Gravien.,
1669 2028 1689 2050 a
1706 2028 1772 2059 quo
1790 2019 1904 2050 nullos
1921 2018 2021 2050 habet
2047 2019 2214 2057 redditus,

617 2074 757 2112 obtinet,
776 2075 809 2105 et
827 2075 914 2105 auct.
937 2074 1045 2113 apost.
1064 2073 1175 2104 benef.
1196 2073 1230 2104 in
1246 2072 1338 2104 civit.
1354 2072 1407 2103 vel
1421 2072 1467 2103 di.
1486 2073 1661 2110 Aversan.,
1677 2073 1782 2111 spect.
1802 2072 1843 2103 ad
1856 2072 1970 2104 collat.
1985 2072 2064 2112 ep.i,
2081 2081 2218 2112 exspec-

615 2129 676 2159 tat.
697 2145 735 2150 ——
753 2128 780 2159 1.
799 2136 828 2159 e.
842 2136 888 2158 m.
906 2126 1012 2167 priori
1035 2135 1063 2158 s.
1084 2126 1220 2159 Onufrii
1238 2134 1342 2166 prope
1371 2125 1562 2165 Camplum,
1581 2127 1614 2157 et
1630 2125 1775 2165 archipr.
1801 2126 1841 2156 de
1870 2134 1897 2156 s.
1915 2125 2089 2163 Flaviano,
2108 2127 2219 2166 Apru-

615 2181 678 2213 tin.
699 2181 758 2218 di.,
778 2189 816 2212 ac
829 2180 975 2212 Geraldo
993 2180 1032 2211 de
1049 2179 1144 2217 Lalo,
1165 2187 1238 2210 can.
1253 2179 1505 2211 Claromonten.
1525 2179 1619 2215 eccl.,
1636 2179 1702 2209 ΡΡ.
1717 2187 1789 2218 cap.
1808 2179 1862 2217 (A.
1882 2181 1929 2216 14,
1949 2178 1971 2209 f.
1989 2180 2048 2210 284
2064 2178 2097 2215 ¹³;
2118 2179 2153 2210 V.
2166 2181 2216 2217 71,

617 2243 669 2275 ep.
688 2235 773 2272 461.)

661 2284 796 2316 12783.
816 2305 854 2309 -
883 2285 1045 2318 Guillelmo
1075 2285 1240 2322 Guisberti,
1259 2285 1340 2317 cler.
1358 2285 1534 2317 Caturcen.
1564 2285 1623 2321 di.,
1650 2294 1743 2316 conc.
1761 2284 2002 2316 tabellionatus
2021 2285 2075 2316 off.
2095 2285 2145 2322 (V.
2165 2287 2215 2322 71,

616 2340 639 2372 f.
657 2342 716 2372 305
733 2340 774 2380 b.)

662 2391 796 2423 12784.
814 2412 853 2417 -
867 2393 978 2425 Senen.
1006 2397 1034 2424 et
1055 2391 1212 2423 Vulteran.
1235 2392 1313 2433 ep.is
1335 2402 1370 2422 ac
1392 2391 1460 2422 abb.
1477 2395 1605 2422 monast.
1621 2401 1644 2421 s.
1661 2390 1820 2422 Michaelis
1833 2391 1949 2421 Senem.
1971 2391 2084 2422 mand.
2103 2392 2138 2422 ut
2156 2391 2217 2422 Im-

617 2448 754 2479 mittant
767 2447 802 2479 in
829 2447 1083 2487 possessionem
1110 2446 1189 2478 eccl.
1216 2455 1244 2477 S.
1261 2445 1381 2477 Lazari
1398 2445 1438 2476 de
1454 2446 1599 2476 Bovarto
1614 2453 1719 2484 prope
1735 2446 1884 2475 castrum
1899 2444 2065 2480 Cortonae,
2084 2444 2212 2475 Aretin.

617 2501 676 2538 di.,
704 2500 879 2538 Jacobum,
901 2509 977 2532 cum
1001 2500 1162 2532 citatione
1187 2499 1359 2539 personali
1386 2500 1503 2530 contra
1530 2498 1690 2537 priorem,
1708 2497 1872 2528 officiales
1898 2498 1930 2528 et
1956 2496 2214 2528 universitatem

617 2554 698 2585 dicti
717 2554 820 2585 castri
847 2553 917 2594 qui,
934 2553 1088 2585 eamdem
1114 2552 1195 2584 eccl.
1216 2552 1287 2583 fore
1311 2551 1481 2591 hospitale
1503 2550 1760 2589 praetendentes,
1779 2550 1935 2581 eumdem
1959 2548 2123 2580 Jacobum
2146 2558 2213 2581 non

617 2607 691 2638 sine
709 2615 872 2638 manuum
895 2606 1076 2647 injectione
1102 2605 1252 2637 violenta
1278 2614 1317 2636 ea
1332 2604 1573 2644 spoliaverant,
1594 2605 1626 2634 et
1642 2605 1781 2643 propter
1795 2603 1857 2634 hoc
1873 2611 1932 2642 per
1950 2610 2011 2633 sex
2035 2610 2141 2633 annos
2156 2611 2210 2634 ex-

617 2660 935 2691 communicationis
958 2661 991 2691 et
1012 2659 1186 2691 interdicti
1207 2658 1393 2690 sententias
1412 2666 1479 2688 non
1499 2657 1573 2688 sine
1592 2656 1787 2696 suspicione
1804 2655 1944 2687 haeresis
1965 2655 2213 2686 sustinuerunt.

616 2712 671 2753 (A.
688 2715 736 2749 14,
754 2713 776 2744 f.
792 2713 850 2745 136
866 2718 897 2749 ’¹5
917 2712 952 2744 V.
970 2714 1020 2748 71,
1038 2721 1090 2752 ep.
1108 2712 1196 2752 256.)

662 2762 796 2796 12785.
815 2782 853 2789 -
877 2765 969 2796 Petro
986 2765 1021 2796 de
1034 2765 1206 2806 Perpesaco
1222 2773 1317 2805 prov.
1335 2772 1453 2795 canon.
1471 2765 1503 2795 et
1526 2762 1628 2802 praeb.
1646 2770 1706 2793 seu
1728 2761 1896 2801 portionis
1915 2760 2140 2801 praebendalis
2155 2770 2213 2792 sae-

616 2818 743 2851 culatis
766 2819 848 2850 eccl.
872 2827 900 2850 s.
918 2818 1058 2856 Asterii,
1075 2818 1325 2857 Petragoricen.
1351 2816 1410 2853 di.,
1430 2825 1489 2856 per
1515 2815 1596 2847 obit.
1621 2815 1818 2855 Raymundi
1842 2814 1978 2854 Rigaldi
2002 2814 2091 2854 apud
2119 2814 2152 2845 S.
2170 2815 2211 2847 A.

617 2872 780 2909 defuncti,
796 2880 868 2903 vac.
878 2881 886 2908 ;
902 2880 969 2903 non
994 2871 1082 2902 obst.
1106 2871 1242 2910 paroch.
1260 2870 1340 2901 eccl.
1358 2870 1399 2901 de
1415 2869 1570 2903 Gruhim,
1587 2868 1684 2899 dictae
1699 2868 1758 2905 di.,
1779 2868 1811 2898 et
1827 2867 1973 2907 quodam
1994 2867 2093 2898 altari
2111 2868 2148 2899 B.
2165 2868 2210 2899 M.

617 2925 834 2965 Magdalenae,
851 2933 911 2956 seu
926 2932 1021 2964 perp.
1037 2923 1147 2955 benef.
1166 2925 1198 2954 ln
1220 2923 1359 2954 Trecen.
1382 2922 1461 2953 eccl.
1482 2939 1520 2944 —
1537 2922 1563 2952 Ι.
1579 2930 1608 2952 e.
1625 2930 1670 2952 m.
1690 2920 1863 2952 Bernardo
1885 2920 2122 2960 Laquintania.
2139 2920 2214 2951 Pic-

617 2980 741 3016 taven.‚
760 2979 792 3009 et
807 2977 992 3010 Guillelmo
1006 2976 1148 3008 Gibrani
1166 2985 1202 3007 ac
1219 2975 1342 3007 Joanni
1355 2975 1467 3011 Fabri,
1485 2974 1734 3014 Petragoricen.
1752 2973 1831 3005 eccl.
1851 2982 1924 3005 can.
1939 2974 1992 3013 (A.
2011 2975 2060 3009 14,
2076 2973 2099 3004 f.
2111 2975 2211 3011 176·;

622 3031 658 3063 V.
678 3033 728 3070 71,
748 3039 800 3071 ep.
818 3030 904 3070 338.)
