2566 3562
364 313 424 344 160
771 304 945 338 JOANNIS
968 303 1087 335 PAPAE
1108 302 1212 334 xxu.
1236 302 1485 342 (1816-1334).
1507 320 1546 326 -
1571 301 1758 333 LlTTERAE
1780 301 1832 334 DE
1853 301 1977 334 CURIA

395 400 499 427 Datum
516 393 700 428 Avenione.

787 493 887 529 biles,
916 493 1110 525 communia
1125 494 1159 524 et
1184 491 1424 524 universitates
1442 492 1476 523 et
1500 492 1612 523 terras
1637 490 1791 531 ipsorum
1817 499 1895 522 cum
1923 490 2047 523 viderit
2059 491 2232 532 expedire.
2265 490 2319 530 (V.
2336 493 2386 531 70,

788 555 840 586 ep.
859 548 930 585 161,
946 545 983 577 de
997 547 1076 585 cur.)

360 607 381 634 2
398 606 441 642 (ιν
461 605 540 641 non.)
554 605 622 640 Jun.
643 604 732 633 1320.
834 597 971 630 12128.
991 617 1030 623 -
1047 598 1267 634 Patriarchis,
1286 598 1468 639 archiep.is
1490 598 1523 630 et
1549 597 1649 638 epis,
1667 597 1798 636 electis,
1816 595 1999 629 abbatibus
2021 598 2055 630 et
2075 597 2235 630 omnibus
2250 598 2330 630 aliis
2345 598 2388 630 ad

788 662 875 694 quos
890 653 1013 686 litterae
1040 653 1123 693 ipsae
1142 652 1359 693 pervenerint
1386 653 1449 684 etc.
1468 651 1581 683 mand.
1599 650 1689 692 quod
1708 650 1818 692 legato
1833 650 1994 691 praedicto
2009 650 2210 691 provideant
2225 660 2287 692 pro
2304 659 2341 684 se
2354 652 2389 684 et
2421 680 2425 685 .

789 707 921 738 familia
948 716 1010 738 sua
1036 707 1077 738 de
1093 705 1252 746 expensis
1280 697 1497 743 necessariiS,
1525 713 1645 736 securo
1669 704 1833 736 conductu
1852 705 1886 736 et
1916 703 2150 736 evectionibus
2173 705 2387 745 opportunis.

790 760 843 799 (V.
862 762 913 796 70,
930 768 983 800 ep.
1002 761 1073 796 163,
1090 759 1126 790 de
1140 761 1220 799 cur.)

509 819 544 847 Ut
565 827 578 846 s
834 811 969 843 12129.
987 831 1027 837 -
1042 813 1197 846 Jamdicto
1215 812 1300 844 card.
1316 812 1461 844 facultas
1476 811 1697 852 dispensandi
1721 819 1798 843 cum
1821 810 1938 842 decem
1953 810 2039 842 viris
2059 811 2093 843 et
2109 811 2250 843 totidem
2270 810 2389 844 mulie—

789 867 885 899 ribus
897 867 1046 908 partium
1068 876 1138 899 suae
1163 866 1345 907 legationis
1372 865 1463 906 quod
1479 874 1548 898 non
1572 864 1660 897 obst.
1679 869 1728 896 1v⁰
1738 864 1917 896 affinitatis
1933 865 1967 896 et
1987 864 2293 905 consanguinitatis
2315 873 2389 906 gra-

789 921 890 952 dibus
907 921 1054 952 matrim.
1070 920 1178 952 libere
1193 919 1391 951 contrahere
1407 919 1552 951 valeant.
1570 918 1626 959 (V.
1640 919 1691 956 70,
1703 927 1756 958 ep.
1775 920 1845 954 164,
1860 917 1898 949 de
1913 918 1993 958 cur.)

508 979 543 1007 L't
564 988 587 1006 s.
835 971 970 1004 12130.
988 991 1027 997 -
1045 973 1119 1004 Eid.
1134 982 1226 1005 conc.
1244 974 1281 1005 ut
1298 973 1409 1013 possit
1423 972 1600 1004 absolvere
1613 971 1737 1012 ligatos
1754 971 1935 1004 sententiis
1947 971 2101 1012 Judicum
2119 980 2139 1004 a
2152 971 2187 1004 S.
2200 972 2236 1003 Α.
2255 971 2389 1013 delega-

788 1029 902 1059 torum
915 1028 948 1059 et
964 1027 1262 1068 subdelegatorum
1278 1026 1320 1058 ab
1335 1026 1397 1063 eis,
1415 1034 1561 1066 quorum
1578 1025 1760 1066 praesentia
1772 1025 1813 1057 de
1830 1025 1922 1056 facili
1936 1024 2054 1057 haberi
2072 1033 2139 1057 non
2152 1025 2276 1066 potest,
2291 1024 2390 1057 dum-

788 1081 889 1113 modo
909 1089 1012 1121 super
1026 1080 1080 1111 his
1094 1089 1156 1120 pro
1172 1079 1297 1120 quibus
1313 1079 1598 1111 excommunicati
1615 1078 1742 1110 fuerint
1758 1078 1988 1110 satisfecerint
2003 1079 2244 1119 competenter.
2265 1077 2316 1118 (V.
2336 1078 2387 1117 70,

788 1143 842 1174 ep.
862 1136 932 1172 165,
949 1133 986 1165 dc
1001 1133 1081 1173 cur.)
2347 1138 2349 1144 '

508 1191 544 1219 Ut
565 1199 588 1219 s.
835 1185 971 1217 12131.
989 1205 1028 1210 ——
1042 1187 1120 1218 Eid.
1138 1195 1231 1218 conc.
1254 1187 1291 1218 ut
1313 1185 1468 1218 absolvat
1485 1186 1566 1218 illos
1583 1186 1642 1226 qui
1658 1194 1718 1226 pro
1744 1185 1970 1217 fractionibus
1990 1187 2023 1217 et
2049 1185 2217 1218 incendiis
2231 1184 2389 1218 ecclesia·

788 1250 862 1272 rum
879 1242 912 1272 et
927 1241 1079 1272 locorum
1101 1240 1289 1272 ecclesiast.
1309 1239 1673 1271 excommunicationis
1696 1239 1901 1279 sententiam
1919 1238 2136 1276 incurrerint,
2155 1238 2390 1272 satisfactione

787 1294 955 1334 impensa.
973 1294 1026 1332 (V.
1045 1295 1096 1331 70,
1109 1302 1161 1334 ep.
1182 1295 1252 1331 166,
1268 1293 1304 1324 de
1319 1294 1400 1333 cur.)

505 1351 539 1378 Ut
559 1359 582 1378 s.
834 1344 970 1376 12132.
984 1364 1022 1370 -
1044 1347 1123 1378 Eid.
1140 1347 1284 1378 facultas
1301 1345 1508 1378 convocandi
1522 1345 1672 1386 capitula
1686 1345 1781 1384 eccl„
1800 1354 1878 1377 cum
1894 1345 2014 1377 electio
2029 1345 2065 1376 in
2081 1345 2132 1377 eis
2148 1345 2326 1378 immineat
2339 1345 2387 1377 fa·

788 1401 917 1438 cienda,
935 1401 977 1432 ad
992 1401 1066 1432 loca
1080 1401 1120 1432 de
1139 1399 1263 1440 quibus
1279 1399 1347 1431 sibi
1362 1398 1534 1431 videbitur
1550 1407 1591 1430 ne
1607 1408 1668 1439 per
1686 1399 1949 1440 impressionem
1966 1398 2181 1431 saecularium
2196 1407 2287 1440 pers.
2306 1398 2389 1431 elec-

787 1454 898 1485 tiones
915 1454 1081 1485 celebrari
1098 1453 1280 1494 contingat.
1299 1452 1352 1492 (V.
1372 1454 1421 1490 70,
1440 1461 1493 1493 ep.
1513 1454 1583 1491 167,
1600 1452 1638 1484 de
1651 1452 1733 1492 cur.)

506 1510 542 1537 Ut
563 1519 586 1537 s.
833 1504 968 1536 12133.
988 1525 1026 1530 -
1039 1507 1117 1538 Eid.
1133 1507 1277 1538 facultas
1292 1506 1428 1538 creandi
1443 1506 1584 1547 triginta
1596 1506 1812 1538 tabelliones.
1829 1506 1882 1546 (V.
1906 1507 1956 1545 70,
1975 1515 2028 1547 ep.
2047 1507 2117 1546 168,
2135 1505 2172 1538 de
2189 1508 2268 1546 cur.)

501 1563 538 1591 Ut
558 1572 581 1590 s.
833 1558 967 1590 12134.
984 1578 1023 1584 —
1039 1560 1116 1591 Eid.
1145 1569 1238 1592 conc.
1258 1562 1294 1592 ut
1317 1560 1428 1601 possit
1444 1560 1524 1592 dare
1548 1559 1724 1592 licentiam
1739 1561 1781 1590 20
1803 1560 1962 1600 personis
1986 1568 2057 1592 suae
2071 1559 2254 1600 legationis
2268 1559 2387 1593 immo·

787 1615 884 1646 randi
903 1615 1054 1655 generali
1078 1615 1189 1646 studio
1207 1614 1405 1655 theologicae
1422 1614 1595 1646 facultatis
1616 1614 1658 1645 ad
1675 1615 1811 1654 tempus
1826 1614 1866 1645 de
1884 1622 1950 1654 quo
1973 1613 2041 1645 sibi
2055 1613 2240 1652 videbitur,
2255 1615 2289 1646 et
2302 1613 2390 1646 fruc·

785 1669 842 1699 tus
855 1668 966 1699 benef.
986 1668 1037 1699 eis
1053 1668 1163 1699 valeat
1178 1668 1287 1699 facere
1305 1667 1507 1699 ministrari.
1523 1667 1578 1708 (V.
1595 1668 1645 1705 70,
1663 1676 1715 1707 ep.
1731 1669 1801 1705 169,
1819 1667 1856 1698 de
1869 1668 1948 1707 cur.)

505 1723 540 1750 Ut
560 1732 584 1750 s.
832 1719 965 1750 12135.
983 1740 1021 1744 -
1037 1721 1114 1752 Eid.
1137 1721 1239 1752 facul.
1255 1721 1449 1752 celebrandi
1470 1722 1503 1752 et
1528 1721 1674 1752 faciendi
1699 1720 1865 1752 celebrari
1887 1722 2070 1762 antequam
2092 1720 2270 1753 illucescat
2299 1721 2386 1753 dies.

786 1775 838 1815 (V.
856 1777 905 1813 70,
923 1784 975 1815 ep.
994 1776 1063 1811 170,
1080 1775 1116 1806 de
1132 1777 1212 1812 cur.)

502 1830 537 1857 Ut
557 1838 580 1857 s.
832 1826 966 1858 12136.
984 1847 1021 1851 -
1036 1828 1113 1860 Eid.
1139 1838 1232 1860 conc.
1249 1830 1285 1860 ut
1302 1829 1413 1868 possit
1435 1828 1612 1860 absolvere
1632 1836 1751 1860 omnes
1774 1836 1865 1868 pers,
1896 1828 2145 1860 ecclesiasticas
2172 1837 2246 1869 quae
2271 1829 2389 1861 contra

753 1892 755 1911 ι
786 1884 914 1914 statuta
937 1882 1118 1923 synodalia
1141 1882 1317 1913 venientes
1342 1891 1472 1913 excom.
1489 1882 1678 1913 sententias
1694 1882 1911 1919 incurrerint,
1925 1882 2052 1922 praevia
2065 1881 2296 1914 satisfactione
2314 1881 2387 1914 illis

786 1945 931 1975 quorum
945 1937 1073 1967 statuta
1091 1936 1369 1975 contempserunt
1385 1935 1551 1974 impensa.
1571 1934 1621 1973 (V.
1639 1936 1689 1972 70,
1702 1943 1754 1975 ep.
1774 1937 1843 1972 171,
1861 1934 1897 1966 de
1913 1936 1992 1974 cur.)

502 1989 536 2015 Ut
557 1997 579 2016 s.
832 1986 966 2018 12137.
985 2007 1024 2012 -
1039 1988 1151 2019 Eidem
1181 1989 1325 2020 facultas
1358 1988 1586 2028 compellendi
1612 1988 1784 2028 quoslibet
1813 1988 1986 2028 praelatos,
2016 1988 2210 2029 magistros,
2239 1988 2384 2029 priores,

784 2044 1008 2082 praeceptores
1023 2051 1060 2073 ac
1083 2042 1169 2073 alias
1188 2051 1353 2081 personas
1379 2042 1566 2073 ecclesiast.
1586 2042 1627 2073 ad
1651 2042 1934 2073 contribuendum
1953 2042 1989 2073 in
2005 2041 2303 2084 procurationibus
2318 2041 2386 2074 sibi

784 2095 921 2126 debitis.
937 2095 992 2135 (V.
1013 2097 1062 2132 70,
1077 2104 1129 2135 ep.
1155 2097 1223 2132 172,
1238 2095 1274 2125 de
1290 2097 1371 2134 cur.)

502 2149 537 2176 Ut
556 2157 580 2176 s.
831 2146 965 2177 12138.
983 2166 1022 2171 -
1036 2148 1161 2180 Eidem.
1179 2148 1323 2180 facultas
1341 2148 1562 2188 dispensandi
1583 2157 1658 2180 cum
1676 2148 1790 2180 decem
1806 2149 1964 2188 personis
1986 2149 2137 2189 partium
2154 2158 2224 2180 suae
2247 2149 2387 2190 legatio-

784 2202 839 2233 nis
858 2202 897 2233 de
914 2202 1039 2242 quibus
1055 2202 1122 2232 sihi
1148 2202 1319 2233 videbitur
1338 2210 1440 2241 super
1456 2202 1588 2233 defectu
1603 2202 1767 2233 natalium
1784 2210 1885 2242 quem
1902 2202 2091 2242 patiuntur,
2110 2211 2187 2234 cum
2203 2202 2330 2235 fuerint
2343 2202 2386 2235 de

753 2294 755 2305 l
784 2255 984 2295 presbytero
1001 2257 1033 2286 et
1047 2255 1159 2286 soluta
1171 2255 1224 2286 vel
1241 2255 1276 2286 in
1292 2255 1458 2286 adulterio
1471 2255 1589 2295 geniti,
1605 2255 1647 2286 ad
1662 2255 1799 2286 ordines
1813 2257 1845 2287 et
1860 2255 1971 2287 benef.
1989 2256 2091 2287 etiarn
2103 2265 2131 2287 c.
2145 2264 2173 2287 c.
2189 2255 2384 2288 obtinenda.

754 2315 755 2328 ³
784 2309 838 2350 (V.
857 2310 908 2346 70,
925 2317 977 2348 ep.
999 2311 1067 2346 171,
1085 2308 1121 2339 de
1138 2308 1218 2346 cur.)

501 2362 536 2390 Ut
556 2371 580 2390 s.
830 2360 965 2391 12139.
981 2379 1018 2384 -
1033 2362 1111 2393 Eid.
1131 2371 1222 2393 conc.
1239 2364 1275 2393 ut
1293 2362 1468 2393 confessor
1481 2371 1564 2393 suus
1582 2362 1688 2393 semel
1704 2362 1740 2393 in
1756 2363 1876 2394 mortis
1891 2363 2034 2394 articulo
2049 2363 2161 2403 possit
2177 2371 2256 2395 eum
2271 2362 2385 2395 absol-

783 2424 861 2447 vere
880 2416 921 2447 ab
941 2415 1100 2447 omnibus
1116 2416 1264 2455 peccatis
1283 2416 1367 2448 suis
1384 2416 1438 2456 (V.
1452 2417 1502 2453 70,
1516 2425 1569 2456 ep.
1586 2417 1657 2452 175,
1674 2415 1712 2446 de
1727 2415 1808 2452 cur.)

501 2469 536 2497 Ut
557 2477 579 2497 s.
829 2466 965 2498 12110.
982 2487 1021 2493 -
1037 2468 1112 2500 E'id.
1128 2469 1238 2509 possit
1254 2470 1435 2500 concedere
1449 2469 1695 2509 indulgentiam
1711 2479 1727 2499 c
1740 2469 1872 2501 dierum
1885 2478 2009 2501 manus
2022 2469 2277 2510 porrigentibus
2292 2469 2383 2511 adju·

785 2522 885 2554 trices
912 2523 953 2554 ad
979 2522 1267 2554 constructionem
1291 2522 1513 2554 ecclesiarum
1529 2524 1562 2553 et
1583 2524 1623 2554 60
1639 2522 1772 2554 dierum
1789 2522 1832 2554 ad
1849 2523 2138 2555 constructionem
2160 2523 2384 2563 hospitalium

784 2577 816 2607 et
835 2576 1067 2616 reparationes
1084 2576 1239 2615 pontium
1258 2585 1296 2607 ac
1312 2576 1595 2607 sustentationem
1611 2576 1826 2607 infirmorum
1841 2577 1873 2608 et
1887 2585 2088 2616 pauperum,
2108 2585 2171 2608 sua
2187 2578 2319 2609 tantum
2334 2577 2384 2609 le-

783 2630 917 2669 gatione
935 2630 1087 2661 durante.
1104 2629 1159 2669 (V.
1179 2631 1228 2664 70,
1246 2638 1298 2669 ep.
1317 2631 1386 2667 176,
1404 2629 1439 2660 de
1455 2630 1534 2669 cur.)

499 2683 535 2711 Ut
555 2692 578 2711 s.
829 2680 966 2713 12141.
982 2700 1021 2705 —-
1035 2682 1160 2714 Eidem.
1178 2683 1324 2714 facultas
1348 2683 1578 2723 suspendendi
1602 2684 1634 2714 et
1661 2683 1838 2715 relaxandi
1863 2684 2052 2715 sententias
2069 2684 2240 2716 interdicti
2262 2685 2294 2716 et
2311 2692 2385 2716 sus-

751 2745 753 2758 ³
783 2737 960 2776 pensionis
977 2737 1065 2768 latas
1082 2737 1117 2767 in
1133 2735 1445 2774 communitatibus,
1468 2737 1560 2768 civit.
1578 2738 1611 2768 et
1627 2737 1707 2768 aliis
1723 2737 1826 2768 terris
1845 2745 1914 2768 suae
1933 2737 2115 2777 legationis
2130 2746 2190 2777 per
2204 2737 2335 2777 legatos
2349 2738 2384 2770 et

778 2790 911 2829 Judic-es
928 2790 1100 2830 delegatos
1117 2790 1158 2821 A.
1175 2790 1208 2821 S.
1229 2791 1263 2821 et
1277 2790 1517 2830 subdelegatos
1532 2790 1573 2821 ab
1590 2791 1653 2822 eis.
1671 2790 1726 2831 (V.
1746 2792 1796 2828 70,
1816 2799 1868 2831 ep.
1888 2793 1958 2827 177,
1975 2791 2011 2821 de
2023 2793 2102 2829 cur.)

500 2842 535 2869 Ut
554 2850 577 2869 s.
758 2868 761 2871 .
828 2840 962 2873 121112.
977 2861 1016 2866 -
1030 2842 1143 2873 Eidem
1166 2843 1309 2874 facultas
1328 2843 1549 2883 dispensandi
1565 2852 1641 2875 oum
1667 2845 1707 2875 ΔΟ
1725 2844 1882 2884 personis
1905 2844 2078 2884 religiosis
2099 2845 2132 2876 et
2161 2843 2382 2876 saecularibus

750 2890 752 2942 ξ
783 2906 852 2928 suae
869 2897 1052 2937 legationis
1073 2905 1175 2937 super
1199 2897 1459 2937 irregularitate,
1480 2906 1581 2937 quam
1607 2897 1839 2928 contraxerint
1855 2906 1899 2929 ex
1918 2906 1957 2929 eo
1975 2897 2067 2938 quod
2082 2898 2382 2930 excommunicatae

782 2952 984 2990 receperunt
997 2951 1068 2982 ord.
1084 2952 1116 2982 et
1140 2950 1378 2981 ministrarunt
1395 2951 1431 2981 in
1453 2950 1551 2991 ipsis,
1582 2952 1639 2982 aut
1657 2951 1959 2982 excommunicatae
1986 2950 2113 2982 divinis
2127 2959 2164 2982 se
2186 2951 2377 2983 immiscue-

751 3005 754 3014 ¹
781 3005 870 3036 runt.
889 3004 942 3044 (V.
959 3006 1009 3042 70,
1026 3013 1078 3044 ep.
1099 3005 1168 3042 178,
1187 3004 1223 3034 dc
1239 3005 1318 3043 cur.)
