2566 3562
358 312 415 343 184

388 401 490 428 Datum
513 394 693 430 Avenione.

760 307 934 339 JOANNIS
957 307 1075 338 PAPAE
1098 306 1200 338 XXII.
1224 309 1473 347 (1318-1884).
1495 326 1533 332 —
1557 307 1743 339 LITTERAE
1765 307 1991 340 COMMUNES

714 514 719 520 ·
783 519 884 550 quam
911 510 1057 543 Romani
1080 510 1264 542 Pontifices
1287 519 1348 551 per
1365 510 1514 552 speciale
1531 510 1750 552 privilegium
1775 511 2025 543 consueverunt
2050 509 2231 550 impertiri.
2257 509 2309 549 (A.
2335 511 2383 547 u,

358 628 392 654 Η
414 625 616 662 (111id.)sept.
636 623 723 654 1320.

490 670 520 697 T.
537 669 591 697 XI...

501 842 536 870 Ut
557 850 580 869 s.

477 887 508 914 T.
528 887 598 915 XVI.

494 1058 531 1088 Ut
556 1067 579 1087 s.

441 1104 471 1132 Τ.
487 1105 547 1139 xn,
564 1104 634 1132 xw.

498 1548 535 1576 Ut
554 1557 578 1576 s.

456 1593 486 1620 T.
504 1592 538 1627 X,
554 1593 612 1620 XII.

493 1765 530 1794 Ut
550 1774 573 1794 s.

443 1810 473 1836 T.
494 1811 540 1845 Χι,
555 1811 629 1838 xm.

499 1983 535 2011 Ut
554 1992 578 2011 s,

461 2027 492 2054 Τ.
512 2027 610 2055 XVIII.

495 2199 532 2227 Ut
550 2208 574 2228 e.

479 2244 510 2271 T.
527 2244 584 2272 XX.

489 2577 525 2605 Ut
552 2586 577 2607 e.

453 2621 484 2650 T.
501 2622 536 2655 X,
549 2622 610 2650 xn.

491 2794 527 2823 Ut
548 2803 572 2822 s.

451 2839 482 2866 Τ.
503 2840 536 2873 Χ,
553 2840 611 2867 XII.

783 563 806 594 f.
822 564 861 595 58
876 568 907 601 ³3
932 562 964 594 V.
984 565 1034 602 71,
1052 572 1104 604 ep.
1124 564 1191 604 31.)

829 618 965 651 12326.
985 639 1024 644 -
1044 620 1230 652 patriarcha
1245 622 1445 663 Aquileyen„
1462 627 1491 653 et
1509 631 1590 663 may.
1616 621 1749 654 Ioannes
1769 621 1806 653 de
1834 620 1964 658 Verulis,
1988 631 2057 652 can.
2082 620 2213 652 basilica
2229 619 2386 662 principit

782 674 987 715 apostolorum
1008 674 1045 705 de
1070 674 1160 713 Urbe,
1181 675 1249 706 ΡΡ.
1271 682 1348 713 ηοι.,
1369 680 1398 707 et
1412 675 1499 717 prior
1515 685 1541 706 ε.
1560 674 1670 707 ,lucebi
1687 674 1726 706 de
1740 673 1892 706 Schiriali
1910 683 2010 716 prope
2027 673 2196 705 Tarvisium
2210 673 2334 706 dantur
2349 674 2388 706 ut

779 728 912 769 judices
940 729 1197 761 conservatores
1222 729 1398 761 Manfredo
1425 738 1502 770 ep.0
1526 728 1676 761 Feltren.
1700 731 1734 760 et
1757 728 1935 760 Bellunen.
1955 727 2007 769 (A.
2041 729 2089 766 14,
2110 727 2134 759 Ι.
2159 728 2200 760 58
2221 732 2250 765 ·;
2280 726 2317 759 V.
2334 728 2385 766 71,

782 790 834 822 ep.
852 782 918 821 32.)
1591 785 1595 788 ”

829 836 964 870 12327.
990 858 1029 863 -
1056 840 1190 881 Indulg.
1219 851 1236 871 c
1258 840 1392 872 dierum
1414 839 1636 872 visitantibus
1665 840 1746 872 eccl.
1771 848 1832 880 per
1854 848 1887 871 n.
1912 848 1944 872 v.
1969 838 2197 871 Rambaldum
2226 838 2386 871 comitem

783 893 952 925 Tervisin.
967 893 1002 924 in
1016 893 1179 925 honorem
1195 893 1383 925 Salvatoris
1400 893 1436 925 in
1451 894 1562 926 castro
1577 902 1640 926 suo
1653 893 1695 925 de
1711 901 1739 924 s.
1758 892 1947 929 salvatore,
1964 892 2124 924 ceneten.
2144 892 2204 930 di.,
2217 893 2387 924 construe-

781 948 852 978 tam
867 949 900 978 et
918 947 1067 978 dotatam
1084 947 1119 978 in
1135 946 1380 979 festivitatibus
1391 946 1603 984 Nativitatis,
1620 945 1898 979 Resurrectionis
1912 945 2021 987 ejusd.
2033 945 2233 983 salvatoris,
2249 954 2288 977 ac
2301 944 2385 978 Pen-

781 1001 928 1032 tecostes
945 1003 977 1032 et
994 1009 1036 1031 xi.
1053 1000 1186 1032 dierum
1199 1009 1260 1040 per
1274 1003 1422 1032 octavas.
1437 1001 1489 1042 (A.
1505 1002 1556 1038 11,
1572 1000 1595 1032 f.
1612 1001 1673 1032 369
1688 999 1719 1038 b3
1744 999 1782 1032 V.
1798 1001 1848 1038 71,
1867 1008 1920 1040 ep.
1938 998 2007 1040 81.)

828 1055 963 1088 12328.
982 1074 1021 1080 -
1036 1058 1158 1090 Collat.
1182 1066 1300 1090 canon.
1318 1058 1400 1090 eccl.
1420 1057 1567 1090 Corfien.
1585 1057 1650 1090 sub
1666 1065 1763 1098 exsp.
1787 1056 1893 1098 praeb.
1913 1065 1951 1088 ac
1968 1058 2184 1097 personatus,
2201 1064 2263 1088 seu
2278 1055 2388 1098 digui-

782 1111 863 1143 tatis
879 1111 932 1143 vel
948 1112 1004 1143 off.
1021 1120 1048 1143 6.
1067 1121 1094 1143 6.
1113 1111 1168 1143 vel
1186 1120 1215 1143 s.
1231 1120 1273 1150 c.,
1289 1112 1364 1152 (100
1382 1111 1457 1143 flor.
1474 1111 1575 1150 auri),
1593 1111 1689 1142 Petro
1704 1110 1838 1142 Ioannis
1853 1109 1890 1141 de
1906 1109 2007 1141 Bacca
2025 1109 2152 1147 Tarani,
2170 1110 2230 1151 qui
2245 1110 2281 1142 in
2295 1109 2388 1142 basi-

782 1165 848 1196 lica
869 1165 1035 1205 principis
1056 1165 1288 1205 apostolorum
1306 1165 1347 1197 de
1366 1164 1456 1197 Urbe
1474 1164 1697 1196 beneficiatus
1712 1164 1843 1201 existit,
1865 1164 1899 1196 et
1922 1163 1959 1195 in
1976 1163 2158 1196 Ydrontin.
2180 1164 2214 1195 et
2232 1163 2267 1196 S.
2283 1162 2330 1195 M.
2346 1163 2388 1195 de

781 1218 949 1256 Murellis,
966 1218 1126 1250 Sabinen.
1142 1218 1203 1256 di.,
1217 1218 1298 1250 eccl.
1313 1226 1431 1250 canon.
1448 1220 1481 1250 et
1496 1217 1614 1258 praeb.‚
1632 1226 1670 1249 ac
1683 1217 1795 1249 benef.
1813 1217 1854 1248 de
1868 1217 2021 1249 Cantona
2035 1225 2139 1257 prope
2155 1216 2388 1249 Ydrontinum

782 1274 815 1303 et
832 1272 873 1303 de
891 1272 1115 1304 Castrosoleti
1132 1281 1169 1303 ac
1187 1281 1215 1303 s.
1232 1271 1327 1303 Petri
1341 1272 1382 1303 de
1401 1271 1540 1303 samaro
1559 1270 1715 1303 ecclesiis
1728 1279 1756 1302 s.
1769 1279 1812 1306 c.,
1823 1270 2005 1302 Ydroutin.
2022 1271 2056 1302 et
2073 1269 2309 1310 Gallipolitan.
2325 1269 2387 1307 di..

782 1325 924 1362 obtinet,
942 1325 1022 1357 licet
1039 1325 1090 1357 eis
1107 1325 1276 1365 spoliatus
1294 1325 1420 1357 existat
1427 1335 1438 1362 ;
1457 1326 1491 1356 et
1505 1324 1542 1355 in
1555 1323 1638 1356 eccl.
1654 1323 1812 1364 Ogentin.
1830 1323 1871 1355 de
1888 1331 2007 1355 canon.
2027 1324 2061 1355 et
2076 1322 2179 1364 praeb.
2198 1331 2270 1355 vac.
2286 1330 2388 1355 cano-

782 1379 855 1410 nice
871 1379 936 1410 fuit
951 1379 1111 1419 provisus
1127 1387 1272 1419 quorum
1287 1378 1543 1418 possessionem
1557 1377 1750 1418 nequiverit
1763 1376 1919 1417 adipisci.
1936 1394 1975 1399 —
1990 1376 2018 1408 Ι.
2034 1385 2064 1408 6.
2078 1385 2124 1408 m.
2142 1384 2219 1417 ep.o
2229 1375 2389 1409 Civitatis

781 1432 814 1464 S.
832 1432 892 1470 M.,
909 1434 942 1464 et
963 1431 1039 1463 abb.
1063 1433 1209 1464 monast.
1226 1440 1254 1463 s.
1274 1431 1371 1463 Pauli
1393 1432 1434 1463 de
1452 1431 1555 1469 Urbe,
1573 1439 1611 1462 ac
1633 1430 1770 1463 Cinthio
1787 1430 1828 1462 de
1849 1430 1980 1462 Arlotis
1995 1431 2083 1462 cant.
2107 1429 2188 1462 6661.
2213 1429 2386 1462 Turonen.

781 1487 835 1526 (A.
864 1487 913 1522 14,
931 1485 954 1517 f.
972 1487 1032 1518 322
1045 1485 1078 1524 b;
1103 1485 1139 1517 V.
1156 1487 1206 1523 71,
1223 1493 1276 1526 ep.
1293 1485 1378 1524 618.)

828 1540 963 1573 12329.
980 1562 1019 1568 -
1034 1543 1156 1575 Collat.
1172 1551 1290 1574 canon.
1309 1551 1371 1574 seu
1386 1542 1568 1574 clericatus
1587 1541 1652 1573 sub
1667 1550 1764 1582 exsp.
1781 1541 1884 1582 praeb.
1902 1540 2015 1581 plebis
2032 1549 2060 1572 s.
2076 1540 2221 1573 Justinae
2231 1540 2274 1572 de
2287 1539 2384 1573 Mon-

780 1597 924 1634 tesilice,
947 1597 1099 1629 Paduan.
1124 1597 1183 1632 di.,
1202 1596 1317 1627 Jacobo
1337 1596 1374 1626 de
1397 1595 1604 1634 Salimbecho,
1625 1604 1698 1627 can.
1723 1595 1803 1627 eccl.
1825 1594 1995 1626 Tervisin.
2019 1594 2084 1626 sub
2100 1603 2197 1635 exsp.
2221 1593 2327 1635 praeb.
2347 1610 2388 1616 —

780 1651 807 1682 Ι.
835 1659 863 1682 6.
891 1660 936 1682 m.
964 1651 1114 1682 Feltren.
1137 1653 1170 1682 et
1194 1650 1371 1682 Bellunen.
1398 1658 1487 1690 ep.o,
1511 1651 1545 1681 et
1566 1649 1693 1681 decano
1719 1648 1904 1687 Tervisin.,
1929 1657 1967 1679 ac
1989 1656 2093 1688 praep.
2117 1647 2275 1680 Parmen.
2302 1647 2386 1679 6661.
2425 1668 2429 1673 ι

781 1705 833 1743 (A.
854 1706 904 1740 15,
922 1705 943 1735 f.
961 1706 1021 1736 513
1038 1704 1069 1740 ¹¹3
1093 1703 1126 1735 V.
1147 1705 1197 1741 72,
1217 1712 1269 1743 ep.
1288 1705 1366 1735 1059
1385 1704 1441 1743 Α.)

827 1759 962 1792 12330.
979 1779 1019 1785 --
1035 1762 1156 1794 Collat.
1174 1770 1291 1793 canon.
1317 1761 1381 1792 sub
1394 1769 1487 1800 exsp.
1510 1759 1614 1800 praeb.
1632 1760 1712 1792 eccl.
1729 1760 1764 1791 S.
1782 1760 1827 1791 M.
1845 1759 1886 1791 (16
1905 1759 2054 1791 Castello
2068 1759 2109 1790 de
2126 1758 2285 1797 Corneto,
2301 1758 2387 1796 Tus-

780 1825 897 1847 canen.
919 1817 979 1850 di.,
1000 1815 1118 1856 Anqelo
1133 1815 1221 1846 Nerii
1236 1814 1389 1845 Ranuceci
1406 1814 1443 1845 de
1462 1813 1608 1844 Viterbio.
1632 1831 1670 1837 —
1689 1813 1715 1844 Ι.
1737 1822 1767 1845 6.
1788 1822 1834 1844 m.
1851 1821 1939 1854 mag.
1953 1812 2078 1844 Joanni
2095 1812 2137 1844 de
2149 1812 2289 1845 Verulis
2311 1819 2385 1844 can.

780 1868 930 1900 basilicae
947 1869 1112 1909 principis
1131 1868 1364 1908 apostolorum
1385 1868 1425 1899 de
1451 1868 1554 1905 Urbe,
1572 1867 1638 1898 ΡΡ.
1664 1870 1748 1904 not.‚
1767 1867 1799 1898 et
1822 1866 1930 1906 priori
1948 1874 1977 1903 s.
2001 1865 2162 1906 Stephani
2183 1874 2222 1897 ac
2237 1864 2382 1907 archipr.

781 1922 860 1954 eccl.
882 1931 909 1953 s.
928 1922 1016 1953 sixti
1034 1921 1223 1954 Viterbien.
1238 1922 1292 1962 (A.
1314 1923 1363 1958 15,
1387 1921 1409 1952 f.
1427 1922 1488 1952 312
1504 1925 1534 1957 ⁸3
1559 1920 1595 1952 V.
1611 1921 1660 1955 72,
1679 1929 1732 1960 ep.
1753 1920 1858 1958 1124.)

827 1977 947 2009 12331
957 2001 964 2008 .
982 1997 1021 2002 -
1039 1979 1125 2020 Ep.o
1146 1978 1312 2010 Viterbien.
1328 1979 1441 2010 mand.
1454 1979 1491 2009 ut
1503 1978 1679 2017 dispenset
1694 1977 1876 2017 Peputium
1893 1976 2005 2008 filium
2017 1976 2143 2021 quond.
2158 1976 2251 2008 Petri
2266 1975 2387 2009 Jaoohi

781 2034 813 2063 et
831 2033 1029 2073 Gaytutiam
1052 2033 1158 2063 liliam
1175 2032 1300 2072 quond.
1322 2031 1415 2063 Petri
1437 2030 1636 2068 Theobaldi,
1655 2031 1755 2062 d.nos
1774 2030 1879 2062 castri
1898 2030 1938 2062 de
1958 2030 2150 2062 Tulfanova
2170 2038 2240 2062 suae
2257 2029 2319 2068 di.,
2334 2031 2385 2067 ut,

781 2086 823 2116 ad
840 2086 996 2117 vitandas
1015 2085 1214 2116 inimicitias
1237 2093 1280 2116 ex
1297 2084 1422 2125 quibus
1446 2084 1558 2115 dictus
1577 2084 1698 2115 Petrus
1721 2083 1838 2115 Jacobi
1856 2083 1971 2115 extitit
1993 2083 2206 2120 interfectus,
2233 2082 2385 2115 matrim.

781 2139 976 2170 contrahere
991 2139 1124 2170 valeant
1137 2147 1204 2169 non
1220 2138 1307 2169 obst.
1327 2142 1373 2168 1v⁰
1389 2138 1610 2177 consanguin.
1632 2137 1750 2177 gradu.
1765 2136 1818 2177 (A.
1837 2137 1887 2174 15,
1912 2137 1934 2168 f.
1954 2138 2013 2168 347
2031 2141 2061 2174 *ς
2083 2135 2116 2166 V.
2137 2137 2188 2174 72,
2205 2145 2258 2176 ep.
2279 2135 2388 2183 1162.)

827 2194 963 2226 12332.
989 2214 1028 2219 -
1053 2196 1202 2237 Archipr.
1225 2195 1419 2232 Urbevetan„
1440 2199 1468 2226 et
1492 2194 1666 2226 Raimundo
1686 2194 1824 2231 Juvenis,
1845 2193 1967 2225 scolast.
1993 2193 2239 2235 Peeraqoricen„
2255 2203 2291 2224 ac
2309 2193 2383 2225 Leo-

780 2250 877 2281 nardo
891 2249 958 2280 dmi
975 2250 1107 2287 Arturli,
1124 2259 1191 2281 can.
1216 2249 1378 2280 Viterbien.
1397 2248 1484 2286 eccl„
1502 2249 1615 2280 mand.
1635 2250 1672 2280 ut
1688 2248 1768 2279 eccl.
1793 2257 1822 2279 s.
1843 2247 1937 2279 Petri
1953 2248 1993 2279 de
2009 2247 2144 2286 Aliano‚
2161 2256 2266 2288 prope
2284 2247 2384 2280 Cani·

780 2312 862 2335 num
876 2312 904 2334 s.
921 2313 963 2342 c.,
981 2304 1170 2334 Tuscanen.
1187 2303 1246 2341 di.,
1269 2303 1311 2334 ad
1326 2302 1401 2334 abb.
1427 2304 1573 2333 monast.
1589 2302 1785 2333 cluniacen.
1805 2301 1917 2333 collat.
1938 2301 2062 2341 pertin.
2081 2303 2114 2332 et
2129 2302 2268 2341 propter
2281 2300 2384 2333 diuti-

780 2366 859 2388 nam
884 2357 1094 2388 vacationem
1111 2357 1146 2389 S.
1168 2358 1208 2388 A.
1228 2356 1423 2388 devolutam
1439 2355 1614 2387 conferant
1629 2355 1783 2387 Consilio
1804 2355 1845 2386 de
1861 2354 2032 2391 Viterbio;
2048 2362 2116 2386 non
2136 2354 2223 2386 obst.
2246 2353 2384 2394 quodin

780 2411 938 2448 Consan„
958 2411 1089 2442 Muran.
1109 2412 1142 2441 et
1161 2410 1311 2442 Sutrian.
1330 2409 1411 2441 eccl.
1433 2418 1551 2440 canon.
1568 2409 1609 2440 de
1626 2408 1763 2449 quibus,
1780 2409 1816 2440 ut
1833 2408 1969 2446 asserit,
1986 2407 2073 2439 nihil
2088 2408 2124 2438 in
2139 2407 2296 2440 absentie.
2307 2415 2384 2448 per-

779 2464 873 2504 cipit,
898 2466 930 2495 et
947 2464 983 2494 in
1008 2464 1184 2503 provincia
1200 2463 1346 2494 Consan.
1364 2463 1518 2503 quaedam
1541 2462 1683 2494 minima
1702 2461 1813 2493 benef.
1830 2469 1859 2492 s.
1878 2470 1921 2499 c.,
1947 2463 1979 2500 (4
1993 2469 2069 2492 unc.
2091 2461 2192 2500 auri),
2218 2459 2384 2493 obtineat.

779 2518 831 2558 (A.
849 2519 898 2554 15,
913 2517 936 2548 f.
953 2518 1013 2549 385
1029 2517 1062 2555 ¹³3
1085 2516 1117 2547 V.
1140 2518 1191 2555 72,
1208 2525 1261 2557 ep.
1279 2517 1384 2555 1223.)

825 2572 958 2605 12333.
988 2593 1028 2597 -
1051 2575 1173 2607 Collat.
1189 2583 1308 2606 canon.
1329 2574 1393 2606 sub
1418 2583 1513 2614 exsp.
1537 2573 1641 2614 praeb.
1664 2572 1746 2605 6661.
1777 2573 1927 2604 Feltren.
1951 2571 2142 2613 Petropaulo
2163 2571 2201 2603 de
2222 2571 2327 2603 Costa.
2343 2588 2384 2596 —

778 2629 805 2660 Ι.
822 2638 850 2661 e.
868 2638 913 2660 m.
933 2638 1020 2669 mag.
1037 2629 1161 2660 Joanni
1184 2629 1225 2660 de
1244 2628 1382 2660 Verulis
1399 2636 1472 2659 can.
1489 2627 1640 2659 basilicae
1661 2626 1830 2666 principis
1849 2627 1958 2666 apost.
1975 2626 2016 2658 de
2034 2625 2137 2664 Urbe,
2157 2625 2226 2657 ΡΡ.
2245 2626 2328 2663 not.‚
2345 2625 2381 2658 et

777 2682 923 2722 prioris.
940 2682 1059 2714 Jacobi
1069 2682 1110 2714 de
1125 2681 1284 2714 Schiriali
1295 2690 1400 2722 prope
1413 2681 1620 2718 Tervisium‚
1633 2689 1671 2711 ac
1683 2680 1809 2711 decano
1824 2679 1905 2711 6661.
1922 2679 2093 2711 Tervisin.
2106 2678 2158 2719 (A.
2172 2680 2222 2715 15,
2236 2678 2261 2710 f.
2274 2679 2336 2711 292
2346 2683 2381 2717 ⁸3

782 2737 818 2769 V.
834 2738 885 2774 72,
905 2745 957 2776 ep.
978 2735 1083 2776 1327.)

824 2791 959 2824 12334.
977 2812 1015 2817 -
1031 2793 1159 2825 Eadem
1178 2793 1287 2833 gratia
1301 2793 1337 2824 in
1359 2792 1440 2824 eccl.
1463 2791 1679 2826 Modoetien.,
1695 2791 1922 2823 Mediolanen.
1940 2790 2000 2827 di.,
2018 2789 2162 2821 Fulcerio
2184 2789 2384 2820 Benace-ursii

776 2848 813 2878 de
833 2847 926 2878 Costa
932 2858 941 2884 3
958 2856 1025 2879 non
1038 2847 1125 2879 obst.
1141 2847 1231 2887 quod
1245 2846 1280 2877 in
1290 2846 1371 2878 6661.
1389 2854 1416 2877 s.
1430 2845 1603 2877 Laurentii
1619 2845 1660 2876 de
1673 2845 1812 2883 Mostre,
1828 2843 1998 2876 Tervisin.
2013 2843 2074 2883 di.,
2088 2852 2206 2875 canon.
2221 2844 2254 2875 et
2268 2842 2383 2874 benef.

777 2901 937 2932 obtineat.
958 2918 995 2923 —
1011 2900 1036 2931 1.
1056 2909 1085 2932 e.
1104 2909 1149 2931 m.
1167 2909 1243 2940 ep.o
1261 2899 1425 2937 Feltren.‚
1442 2901 1474 2930 et
1491 2907 1577 2939 mag.
1596 2899 1616 2929 J
1620 2899 1721 2930 oanni
1740 2898 1782 2930 de
1798 2897 1937 2930 Verulis
1953 2905 2027 2929 can.
2044 2896 2197 2928 basilicae
2211 2896 2389 2936 principis

776 2954 1008 2994 apostolorum
1025 2954 1066 2984 de
1088 2952 1191 2991 Urbe,
1217 2953 1283 2984 ΡΡ.
1306 2954 1390 2990 not.‚
1417 2961 1455 2983 ac
1472 2952 1579 2992 priori
1604 2961 1632 2983 s.
1657 2950 1775 2982 Jacobi
1801 2951 1842 2982 de
1862 2949 2021 2982 Schiriali
2041 2957 2145 2990 prope
2170 2939 2384 2981 Tervisium‘.⁴

776 3008 826 3048 (A.
846 3009 895 3044 15,
912 3008 935 3038 f.
953 3009 1014 3039 435
1029 3007 1043 3028 b
1052 3017 1062 3044 3
1084 3007 1121 3038 V.
1138 3008 1188 3043 72,
1205 3015 1258 3047 ep.
1276 3005 1383 3046 1395.)
