2566 3562
364 314 420 344 ¹56

394 402 497 430 Datum
517 396 701 430 Avenione.

423 503 462 531 23
477 505 560 530 mart.
581 503 670 531 1320.

449 547 477 582 (x
493 547 552 575 kal.
571 547 645 582 apr.)

505 662 541 690 Ut
556 670 580 689 s.

508 928 543 956 Ut
559 937 582 956 s.

505 1035 541 1063 Ut
558 1044 582 1063 s.

504 1354 539 1382 Ut
558 1362 581 1382 s,

502 1623 537 1651 Ut
557 1632 581 1651 s.

429 1891 465 1917 19
481 1898 543 1925 apr.
566 1891 653 1918 1320.

414 1938 481 1969 (xm
497 1935 554 1961 kal.
574 1934 666 1969 maii.)

424 1997 464 2023 26
482 2005 543 2031 apr.
566 1997 653 2025 1320.

425 2041 467 2077 (Vl
483 2042 541 2068 kal.
557 2041 648 2076 maii.)

499 2155 535 2182 Ut
554 2164 576 2182 s.

387 2316 400 2341 t
419 2314 502 2350 (kal.)
521 2316 590 2342 maii
605 2315 693 2343 1320.

366 2528 384 2556 8
395 2532 462 2565 (vm
475 2529 524 2563 id.)
538 2531 606 2557 maii
619 2530 709 2559 1320.

495 2744 529 2771 Ut
547 2753 571 2771 s.

481 2851 529 2878 Dat
536 2860 584 2878 um

391 2893 419 2920 in
436 2894 543 2929 palatio
556 2895 674 2931 majoris

356 2942 482 2970 ccclesiae
498 2940 521 2971 A
532 2941 705 2975 venionen.

347 2990 365 3018 8
384 2994 450 3026 (vm
470 2991 522 3024 id.)
543 2994 609 3019 maii
626 2993 714 3021 1320.

758 311 930 342 JOANNIS
954 311 1072 342 PAPAE
1095 311 1184 342 xxlt
1219 313 1469 353 (1316-1334).
1493 331 1530 336 —
1554 313 1740 345 LtTTERAE
1763 313 1814 345 DE
1836 314 1962 346 CURIA

834 503 845 514 ⁸¹
871 500 1008 532 12076.
1021 521 1060 526 -
1078 503 1261 544 Reqe'naldo,
1290 503 1424 536 thesaur.
1451 504 1524 537 eccl.
1547 504 1740 542 Noviomen„
1754 506 1869 537 rectori
1882 505 2010 538 ducatus
2027 505 2204 548 Spoletan„
2220 506 2285 538 ΡΡ.
2303 515 2394 548 ιαμ,

790 556 903 587 mand.
920 557 956 587 ut
974 565 1155 596 processus
1171 557 1305 590 habitos
1324 559 1442 589 contra
1458 558 1674 599 potestatem,
1699 559 1883 591 consilium
1898 561 1933 591 et
1956 568 2134 592 commune
2156 559 2386 592 Assisinaten.

790 610 822 641 et
836 609 981 641 Mutium
997 610 1177 650 praedictos
1195 610 1345 651 publicet
1359 612 1418 642 aut
1434 610 1602 651 publicari
1619 611 1721 644 faciat
1734 612 1769 643 in
1784 612 1870 644 locis
1881 612 1977 644 tutis.
1990 612 2044 652 (V.
2061 614 2112 650 70,
2124 621 2177 653 ep.
2192 614 2243 652 55,
2260 612 2298 644 de
2308 615 2393 652 cur.)-

836 660 972 693 12077.
990 680 1028 686 —
1046 663 1241 702 Potestatem‚
1261 664 1419 695 consiliam
1433 668 1461 695 et
1477 674 1631 696 commune
1645 664 1807 706 anubin.
1820 664 1926 707 fidele:
1941 665 1973 696 Ε
1976 691 1983 698 .
2001 665 2038 697 R.
2058 665 2152 707 Papa
2174 665 2329 698 hortatur
2351 667 2387 698 ut

789 716 911 748 rectori
925 716 1067 748 ducatus
1086 717 1258 757 Spoletan.
1277 717 1442 749 assistant
1463 718 1499 750 in
1521 718 1762 750 reformatione
1778 718 1956 751 civitatum
1973 718 2203 751 Assisinaten.
2223 720 2256 751 et
2273 718 2391 760 Spole·

788 771 855 801 tan.
881 770 1027 802 viriliter
1049 772 1082 802 et
1104 771 1271 810 potenter.
1291 789 1329 794 —
1350 771 1366 802 I
1403 780 1432 803 e.
1457 780 1503 802 m.
1527 771 1740 804 camerinen.
1763 773 1798 804 et
1820 771 1992 813 Fulginat.
2016 772 2257 813 potestatibus,
2280 772 2389 804 consi·

787 823 846 854 liis
861 825 893 855 et
918 823 1166 855 communibus.
1178 824 1236 864 J(V.
1255 826 1306 861 70,
1324 833 1376 865 ep.
1400 826 1440 856 56
1461 824 1498 855 de
1520 834 1586 855 cur.
1597 834 1606 862 3
1625 825 1783 864 Theiner‚
1810 824 1915 857 Codex
1933 824 2160 866 diplomaticus,
2177 826 2202 857 t.
2216 825 2245 864 1,
2265 834 2298 866 p.
2317 826 2389 864 ⁴89,

788 876 861 908 doc.
878 877 1075 917 DCXLIX).

835 927 969 958 12078.
984 948 1023 953 -
1039 931 1089 962 De
1106 931 1224 962 eodem
1241 930 1403 963 scribitur
1418 931 1593 972 potestati,
1612 931 1784 963 communi
1797 931 1924 969 Senem,
1940 939 1978 964 ac
2002 931 2184 963 Urbevetan.
2201 936 2230 963 et
2246 931 2391 964 Perusin-

788 983 1027 1023 potestatibus,
1047 984 1245 1024 capitaneis,
1269 985 1425 1016 consiliis
1439 986 1472 1016 et
1488 984 1738 1016 communibus.
1759 985 1813 1026 (V.
1831 986 1882 1022 70,
1898 994 1950 1025 ep.
1967 987 2006 1017 57
2021 985 2059 1016 de
2081 987 2160 1024 cur.)

835 1033 969 1066 12079.
988 1054 1026 1060 -—
1043 1037 1215 1076 Rcyinaldo
1231 1037 1269 1068 dc
1282 1048 1307 1068 s.
1326 1037 1499 1076 Arthemiffi
1511 1039 1626 1069 rectori
1634 1037 1762 1069 ducatus
1777 1038 1952 1080 Spoletan.‚
1965 1039 2078 1070 mand.
2094 1040 2134 1070 ut
2150 1038 2298 1070 viriliter
2313 1047 2395 1080 pro-

789 1090 885 1122 cedat
908 1091 1024 1122 contra
1041 1090 1214 1130 spoletan.
1230 1092 1263 1122 et
1285 1091 1515 1123 Assisinaten.
1533 1091 1728 1123 communia
1744 1092 1775 1123 si
1789 1091 1961 1124 mandatis
1972 1091 2041 1124 ΡΡ.
2061 1100 2129 1124 non
2145 1093 2286 1132 pareant
2303 1093 2338 1124 et
2352 1092 2391 1124 ut

789 1143 829 1174 ad
845 1143 908 1174 hoc
922 1143 1056 1175 invocet
1082 1144 1213 1175 auxilia
1237 1145 1470 1176 communium
1494 1145 1665 1182 Perusin„
1685 1144 1904 1183 Urbevetan.,
1929 1146 2064 1183 Senon„
2088 1145 2257 1186 Eugubin.
2281 1146 2315 1177 et
2329 1145 2395 1178 Ca·

787 1197 967 1235 merinen.,
988 1205 1026 1228 ac
1046 1196 1192 1228 aliorum
1209 1197 1408 1229 devotorum
1424 1198 1463 1229 E.
1481 1198 1524 1230 R.
1537 1197 1662 1238 quihus
1681 1207 1784 1238 super
1799 1198 1862 1230 hoc
1879 1199 1947 1230 ΡΡ.
1967 1197 2097 1235 scribit,
2114 1207 2176 1230 nec
2192 1198 2328 1230 revocet
2341 1198 2395 1230 in·

788 1250 886 1281 terim
903 1250 1091 1281 exercitum
1115 1251 1174 1290 qui
1195 1250 1320 1282 dicitur
1343 1259 1419 1282 esse
1435 1260 1540 1291 supra
1558 1251 1731 1283 civitatem
1753 1251 1893 1289 Assisii,
1920 1260 1982 1283 nec
1996 1260 2016 1283 a
2037 1251 2156 1292 coeptis
2171 1250 2391 1292 processibus

787 1303 941 1334 desistat.
963 1303 1015 1342 (V.
1035 1305 1084 1340 70,
1102 1313 1154 1344 ep.
1172 1305 1212 1335 58
1228 1303 1264 1334 de
1282 1304 1539 1342 cur.;'1'heiner,
1556 1308 1589 1334 ut
1601 1314 1640 1340 3.,
1656 1313 1691 1344 p.
1705 1306 1777 1342 491,
1793 1304 1866 1336 doc.
1882 1305 1996 1343 DCL.)

832 1356 842 1367 “
864 1354 998 1386 12080.
1014 1375 1051 1379 -
1067 1357 1177 1388 Eidem
1203 1357 1407 1388 intimantur
1428 1366 1612 1397 processus
1628 1357 1708 1389 facti
1729 1366 1790 1398 per
1804 1358 1871 1389 ΡΡ.
1890 1359 2009 1390 contra
2029 1357 2256 1398 capitaneum,
2279 1358 2390 1391 consi-

787 1410 871 1441 lium
888 1411 921 1441 et
943 1419 1121 1442 commune
1147 1411 1320 1450 Spoletan.
1339 1412 1371 1442 et
1396 1411 1509 1442 mand.
1530 1411 1618 1443 utin
1646 1411 1731 1443 locis
1746 1411 1831 1443 tutis
1848 1419 2030 1451 processus
2053 1411 2191 1444 eosdem
2216 1411 2318 1444 faciat
2333 1420 2395 1444 so-

787 1463 946 1495 lemniter
967 1463 1136 1504 publicari
1160 1465 1204 1500 et,
1224 1464 1254 1494 si
1281 1463 1453 1504 contingat
1468 1464 1563 1504 ipsos
1591 1464 1779 1496 sententias
1795 1464 1832 1496 in
1846 1464 1897 1496 eis
1921 1466 2097 1497 contentas
2118 1465 2305 1501 incurrere,
2321 1473 2390 1497 non
2413 1455 2419 1460 ⁴

787 1517 897 1548 solum
921 1517 964 1547 ad
985 1517 1282 1548 denunciationem
1299 1518 1332 1548 et
1350 1517 1584 1549 executionem
1602 1525 1732 1555 earum,
1751 1517 1811 1549 sed
1829 1517 1915 1549 alias
1931 1517 2158 1559 spiritualiter
2172 1518 2206 1550 et
2220 1518 2391 1559 tempora.-

787 1571 863 1602 liter
881 1570 1060 1610 procedere
1078 1571 1222 1602 studeat.
1242 1570 1295 1610 (V.
1313 1571 1362 1607 70,
1380 1579 1433 1610 ep.
1449 1571 1489 1603 59
1502 1569 1538 1601 de
1554 1570 1634 1611 cur.)

833 1620 968 1653 12081.
987 1641 1026 1645 -
1039 1624 1200 1661 Potestati,
1217 1623 1341 1654 consilio
1357 1628 1384 1654 et
1399 1624 1549 1655 communi
1565 1634 1599 1654 ac
1613 1624 1778 1664 capitaneo
1794 1623 1955 1665 spoletan.
1975 1624 2156 1657 mandatur
2173 1623 2238 1656 sub
2252 1633 2392 1657 excom-

786 1677 1028 1709 municationis
1045 1679 1078 1708 et
1096 1677 1268 1708 interdicti
1285 1677 1465 1709 sententiis
1479 1679 1512 1709 et
1535 1677 1599 1708 sub
1617 1686 1715 1717 poena
1731 1677 1877 1710 duorum
1893 1677 2043 1709 millium
2059 1677 2184 1710 march.
2202 1677 2334 1719 argenti
2349 1678 2388 1710 ut

785 1731 941 1762 concives
969 1740 1061 1768 suos,
1080 1740 1166 1771 quos
1186 1731 1221 1762 in
1237 1740 1372 1763 carcere
1391 1731 1555 1769 detinent,
1571 1730 1662 1762 infra
1679 1739 1806 1762 annum
1821 1731 2004 1763 restituant
2018 1731 2173 1771 pristinae
2190 1730 2341 1764 libertati
2354 1732 2389 1764 et

786 1785 884 1822 alios,
902 1794 988 1824 quos
1006 1793 1023 1815 e
1043 1785 1179 1816 civitate
1197 1785 1414 1824 expulerunt,
1432 1785 1474 1816 ad
1499 1793 1574 1816 eam
1595 1785 1763 1822 revocent,
1780 1785 1814 1816 et
1839 1786 1959 1816 caetera
1983 1784 2148 1825 impleant
2165 1793 2240 1825 quae
2253 1785 2289 1816 in
2303 1793 2388 1826 prae·

784 1838 939 1870 sentibus
958 1838 1024 1869 litt.
1047 1838 1272 1869 continentur.
1288 1838 1340 1877 (V.
1359 1840 1408 1875 70,
1427 1846 1479 1877 ep.
1496 1839 1536 1870 60
1553 1837 1589 1868 de
1604 1837 1683 1877 cur.)

830 1889 962 1921 12082.
977 1909 1012 1914 -
1023 1891 1193 1922 Inhibitur
1205 1900 1245 1922 ne
1258 1891 1373 1922 nullus
1387 1891 1472 1922 civis
1484 1892 1659 1923 Romanus
1672 1891 1802 1922 habitet
1813 1890 1932 1923 domos
1943 1892 1977 1923 et
1987 1891 2115 1931 palatia
2124 1891 2283 1923 duorum
2292 1891 2389 1924 card.

783 1945 818 1976 in
836 1945 938 1977 Urbe.
953 1945 1003 1985 (V.
1017 1946 1066 1981 71,
1082 1954 1134 1984 ep.
1155 1946 1212 1975 110
1227 1944 1264 1975 de
1283 1945 1390 1982 curia3
1404 1944 1641 1984 Cocquelines,
1657 1943 1834 1974 Baliarium
1850 1943 2032 1982 Romanum,
2044 1946 2069 1976 t.
2084 1944 2144 1982 111,
2156 1953 2189 1984 p.
2206 1946 2227 1976 2
2249 1953 2282 1985 p.
2301 1945 2385 1984 180.)

829 1995 963 2027 12083.
981 2015 1019 2019 —
1033 1997 1195 2038 Raynaldo
1219 1997 1255 2027 de
1270 2008 1295 2028 s.
1311 1997 1484 2035 Arthemia,
1505 1997 1617 2028 rectori
1635 1998 1763 2028 ducatus
1778 1996 1957 2038 Spolctan„
1978 1997 2202 2029 committitur
2219 1998 2257 2029 ut
2272 1997 2308 2029 in
2326 1998 2382 2029 de-

783 2052 873 2083 fectu
892 2051 1109 2091 praelatorum
1135 2051 1245 2090 possit
1263 2051 1384 2090 punire
1409 2059 1571 2082 excessus
1593 2051 1795 2082 clericorum
1816 2050 1898 2082 dicti
1925 2051 2080 2089 ducatus,
2096 2059 2204 2091 usque
2221 2051 2265 2082 ad
2277 2059 2384 2083 unum

783 2114 920 2136 annum.
936 2104 989 2144 (V.
1008 2106 1057 2141 70,
1077 2113 1129 2144 ep.
1147 2106 1187 2135 52
1202 2103 1239 2134 de
1256 2104 1338 2143 cur.)

829 2153 962 2185 12084.
979 2174 1016 2178 -
1034 2155 1109 2186 Eid.
1126 2164 1218 2186 conc.
1236 2155 1326 2195 quod
1341 2155 1456 2186 clerici
1477 2156 1510 2186 et
1523 2154 1601 2186 laici
1619 2154 1701 2186 dicti
1719 2155 1862 2186 ducatus
1877 2155 2011 2195 possint
2028 2155 2200 2195 appellare
2212 2155 2254 2187 ad
2269 2155 2386 2196 ipsum

782 2209 823 2240 ab
843 2209 1015 2240 audientia
1030 2208 1281 2240 callum-iorum
1300 2210 1331 2240 et
1348 2208 1552 2239 vicariorum
1573 2208 1771 2240 eorumdem
1789 2217 1898 2248 usque
1919 2208 1963 2240 ad
1977 2217 2104 2240 annum
2119 2208 2173 2249 (V.
2191 2210 2243 2246 70,
2261 2217 2314 2251 ep.
2330 2210 2383 2247 53,

782 2263 818 2294 dc
836 2264 914 2301 cur.)

826 2316 836 2326 “
859 2313 991 2345 12085.
1009 2334 1047 2338 —
1067 2315 1222 2346 Universis
1237 2314 1462 2345 habitatoribus
1478 2315 1572 2345 castri
1589 2314 1625 2345 de
1638 2313 1735 2352 Sada,
1755 2314 1966 2346 Avenioneu.
1980 2315 2040 2351 di„
2055 2315 2275 2347 confirmatur
2293 2324 2384 2348 com-

781 2370 906 2409 positio
923 2370 1010 2401 sacta
1027 2369 1081 2400 die
1097 2378 1178 2400 xxvi
1192 2369 1276 2409 jan„
1295 2377 1382 2400 anno
1400 2370 1489 2404 1319,
1516 2368 1604 2400 inter
1617 2368 1712 2408 ipsos
1729 2369 1761 2399 et
1772 2368 1977 2400 Gasbertum
1994 2369 2034 2400 de
2050 2369 2159 2406 Valle,
2178 2369 2305 2400 archid.
2322 2369 2384 2401 Ca-

779 2424 924 2461 tumen„
941 2423 1158 2462 episcopatus
1175 2422 1385 2454 Avenionen.
1405 2412 1583 2458 vicarium,
1598 2430 1701 2461 super
1725 2430 1837 2453 annuo
1853 2430 1957 2454 censu
1982 2430 2083 2462 quem
2098 2421 2302 2454 tenebantur
2317 2422 2384 2454 sol-

779 2484 859 2508 vere
875 2485 951 2516 ep.o
967 2476 1177 2507 Avenionen.
1198 2476 1249 2514 (A.
1267 2477 1317 2512 19,
1338 2475 1360 2506 f.
1380 2477 1439 2507 516
1456 2481 1486 2512 ³3
1510 2475 1542 2507 V.
1563 2477 1611 2512 74,
1629 2484 1682 2515 ep.
1698 2477 1738 2507 56
1752 2474 1788 2506 de
1803 2485 1892 2513 cur.;
1913 2474 2044 2512 Conton,
2063 2484 2097 2506 n.
2116 2475 2222 2515 1027.)

826 2527 961 2560 12086.
980 2548 1018 2552 -
1031 2530 1198 2570 ΑνεΙιὶερ.ο
1211 2528 1419 2569 Burdeqaten.
1437 2528 1550 2560 mand.
1566 2529 1603 2560 ut
1618 2528 1769 2568 publicet
1786 2536 1969 2568 processus
1985 2530 2100 2560 contra
2117 2528 2198 2560 illos
2216 2528 2275 2569 qui
2292 2527 2382 2560 bona

779 2583 959 2615 curialium
982 2585 1134 2623 tempore
1157 2583 1343 2614 vacationis
1369 2592 1386 2614 e
1411 2582 1505 2614 civit.
1528 2582 1806 2622 Carpentoraten.
1824 2583 2094 2621 asportaverunt.
2110 2601 2148 2606 —
2163 2582 2232 2613 I.e.
2247 2590 2294 2613 m.
2312 2591 2384 2623 epm

777 2638 948 2678 chnnen.,
967 2637 1108 2668 Tolosan.
1125 2642 1153 2668 et
1169 2636 1346 2668 Narbonen.
1361 2636 1540 2676 archiepis,
1559 2645 1595 2665 ac
1612 2635 1784 2671 Lectoren„
1802 2634 1926 2667 Attien.
1945 2640 1973 2666 et
1994 2635 2136 2667 Vasaeen.
2157 2635 2246 2676 cp.is.
2264 2634 2380 2675 (t‘.·1o,

777 2700 829 2731 ep.
848 2694 884 2724 61
903 2691 938 2722 de
951 2701 1037 2728 cur.;
1057 2690 1185 2727 Conton,
1203 2699 1234 2722 n.
1256 2691 1332 2722 1035
1349 2692 1381 2721 et
1398 2689 1603 2729 1063-1070.)

821 2746 831 2756 ·
856 2741 992 2774 12087.
1012 2763 1051 2767 -
1077 2745 1263 2775 Processus
1292 2745 1409 2775 contra
1441 2743 1634 2774 detentores
1663 2742 1830 2774 bonorum
1864 2741 2050 2774 Clementis
2077 2741 2177 2781 Papae
2196 2742 2238 2773 V.
2256 2741 2313 2782 (V.
2327 2743 2378 2779 70,

775 2807 827 2838 ep.
846 2800 901 2830 191
921 2798 958 2829 de
972 2808 1037 2830 cur.
1051 2807 1060 2834 3
1072 2798 1229 2834 Theiner,
1247 2797 1352 2829 Codeoe
1367 2796 1596 2838 diplomaticus,
1609 2797 1632 2828 t.
1647 2796 1674 2831 Ι,
1687 2804 1720 2836 p.
1732 2797 1805 2832 492,
1821 2796 1894 2827 doc.
1911 2793 2215 2832 DCL111;Coulon‚
2227 2803 2261 2826 n.
2275 2794 2383 2834 1033.)

818 2853 829 2863 “
858 2849 993 2882 12088.
1010 2869 1049 2874 --
1064 2851 1125 2882 Ad.
1143 2851 1284 2891 futuram
1301 2851 1346 2881 rei
1370 2850 1559 2881 memoriam.
1577 2850 1764 2881 Processus
1783 2850 1900 2881 contra
1925 2848 2197 2886 universitatem,
2212 2848 2378 2888 populum

775 2906 806 2937 et
833 2906 1123 2943 communitatem,
1147 2905 1361 2944 potestatem,
1389 2904 1615 2944 capitaneum,
1633 2903 1817 2935 consilium
1847 2903 1879 2934 et
1905 2910 2084 2934 commune
2113 2901 2319 2940 Ferrarien.,
2340 2910 2378 2933 ac

773 2959 1002 2999 Raynaldum,
1027 2959 1212 2998 Opizonem
1232 2957 1444 2989 marchiones
1460 2958 1594 2994 Esten„
1610 2958 1643 2988 et
1659 2957 1783 2988 fratres
1798 2958 1832 2988 et
1850 2955 2058 2987 adhaerentes
2075 2955 2174 2991 eisd,
2190 2954 2378 2995 stipendia—

773 3013 855 3048 rios,
880 3012 1044 3044 officiales
1059 3014 1092 3044 et
1108 3012 1262 3052 singulos
1278 3011 1515 3043 universitatis
1532 3011 1695 3051 ejusdem.
1715 3009 1766 3049 (V.
1781 3010 1831 3045 70,
1849 3018 1903 3050 ep.
1923 3011 1962 3042 67
1978 3009 2007 3040 Α
2023 3008 2060 3039 de
2074 3008 2155 3047 cur.)
