2566 3562
294 0 710 18 :vn-nQszWQJQ-vwv-f—ffii·
721 0 770 14 ³²⁷&t
784 0 1377 22 ‘YWWWFW*.
1412 6 1486 23 ‘'rat‘'
1504 10 1514 16 ⁴-
1542 11 1550 19 ¹·
1585 11 1587 13 ’
1660 10 1665 11 ’
1685 12 1716 25 ¹:1-
1737 18 1740 20 -
1758 20 1763 22 -
1791 10 1807 18 ⁷·
1937 15 1958 22 '⁷

988 24 993 27 ’
1182 22 1184 24 ’
1217 23 1223 27 ’
1250 26 1253 28 ·
1394 22 1440 30 ”·’
1472 22 1561 42 1⁷⁴·ay
1591 26 1653 41 2³21„
1669 17 1754 43 thu,
1782 24 1803 41 ¹1,—
1818 16 1874 44 ,ΛΨ
1894 20 2027 42 sah-fr,
2049 32 2062 38 ³,

363 335 422 367 158
766 329 940 362 JOANNIS
962 329 1081 360 PAPAE
1101 328 1204 361 XXII.
1228 329 1477 371 (1818-1884).
1498 347 1539 354 —
1559 329 1746 362 LITTERAE
1769 330 1821 362 DE
1841 329 1966 364 cumA

396 423 500 451 Datum
515 417 699 451 Avenione.

788 527 864 550 cum
882 519 954 550 illis
969 519 1028 559 qui
1045 527 1163 550 eorum
1179 518 1395 559 exigentibus
1412 518 1590 550 demeritis
1606 519 1686 551 sunt
1704 518 2064 551 excommunicationis
2081 518 2218 551 vinculo
2235 517 2391 552 innodati

788 580 973 612 eorumque
989 572 1138 613 recipere
1158 572 1292 604 litteras
1306 573 1339 604 et
1353 572 1560 612 respondere
1575 572 1617 604 ad
1631 567 1737 612 ipsas.
1752 571 1808 613 (V.
1827 573 1878 610 70.
1895 580 1948 613 ep.
1966 573 2034 610 173,
2053 571 2091 604 de
2108 571 2190 612 cur.)

362 629 383 656 2
400 632 442 664 (iv
462 627 541 661 non.)
554 627 622 662 jun.
645 627 731 655 1320.
835 623 970 655 12100.
990 644 1028 649 -
1045 625 1183 656 Guiuoni
1199 635 1268 667 ep.o
1287 625 1469 657 Urbevetan.
1492 625 1716 657 committitur
1731 625 1878 657 rectoria
1889 625 2088 666 patrimonii
2103 625 2258 667 praedicti
2274 626 2312 658 B.
2328 625 2391 658 Pe-

789 679 833 711 tri
853 679 888 710 ln
910 679 1036 711 Tuscia
1053 679 1152 719 eique
1174 679 1347 710 inhibetur
1366 687 1408 710 ne
1430 678 1519 710 circa
1544 686 1726 718 processus
1747 679 1866 711 contra
1889 687 1922 710 n.
1949 687 1980 711 v.
2009 677 2226 711 Mauri-edum
2246 678 2289 711 de
2305 678 2391 711 Vico
2492 718 2497 723 f

790 732 985 772 praefectum
1004 731 1118 769 Urbis,
1134 741 1194 772 per
1211 732 1341 763 curiam
1358 731 1466 772 ejusd.
1483 731 1682 772 patrimonii
1700 731 1828 763 dudum
1840 731 1987 770 habitos,
2006 731 2092 764 nihil
2106 731 2246 764 innovet
2258 731 2315 764 vel
2329 731 2389 764 im·
2430 727 2434 729 ’
2476 724 2478 726 ’
2496 726 2511 771 'ss

790 786 910 823 mutet,
933 786 1001 816 nisi
1018 785 1114 825 prius
1131 785 1225 817 aliud
1240 794 1259 816 a
1275 785 1342 816 ΡΡ.
1363 785 1529 825 receperit
1544 785 1580 816 in
1593 785 1773 817 mandatis.
1794 783 1848 824 (V.
1866 786 1918 820 70,
1933 793 1988 826 ep.
2005 786 2046 817 79
2060 785 2103 823 Α,
2119 783 2157 816 de
2174 785 2257 826 cur.)
2448 825 2450 827 Ι

505 841 542 870 Ut
562 850 587 870 s.
837 836 973 869 12101.
997 857 1035 862 -
1058 838 1224 870 Scribitur
1242 838 1414 870 universis
1434 838 1591 878 personis
1605 838 1795 870 ecclesiast.
1814 841 1847 870 et
1864 837 1956 873 nob„
1979 837 2129 870 dominis
2142 837 2392 879 temporalibus

791 894 824 923 et
844 892 1144 924 communitatibus
1162 892 1360 932 patrimonii
1382 892 1422 923 Β.
1439 891 1534 923 Petri
1559 891 1596 922 in
1614 892 1739 923 'luscia
1761 893 1799 923 ut
1814 891 1905 923 dicto
1926 892 2050 923 rectori
2074 892 2216 946 pareant
2233 891 2267 924 et
2284 890 2395 924 inten-

791 946 882 977 dant
903 945 954 982 (V
973 947 1023 983 70,
1042 954 1094 985 ep.
1112 947 1151 977 79
1167 946 1205 983 Β,
1223 945 1258 975 de
1274 946 1354 984 cur.)
2415 975 2418 977 .

503 1001 541 1029 Ut
561 1009 585 1028 s.
837 996 972 1028 12102.
990 1017 1027 1022 -
1042 998 1119 1030 Eid.
1134 999 1244 1030 rectori
1262 998 1487 1030 committItur
1503 1000 1540 1030 ut
1555 1007 1664 1038 usque
1680 998 1722 1030 ad
1742 1007 1848 1030 unum
1866 1006 1993 1030 annum
2009 998 2120 1038 possit
2135 998 2257 1038 punire
2275 1004 2406 1030 excesu

792 1061 852 1083 sus
875 1053 954 1084 cler.
983 1052 1182 1092 patrimonii
1208 1052 1248 1083 Β.
1275 1052 1368 1084 Petri
1391 1052 1426 1083 in
1449 1052 1575 1084 Tuscia
1600 1051 1837 1083 deficientibus
1864 1051 2028 1092 praelatis.
2053 1051 2108 1090 (V.
2134 1052 2185 1087 70,
2212 1059 2266 1092 ep.
2289 1051 2330 1084 79
2353 1051 2396 1090 G,

791 1106 828 1137 de
845 1107 924 1144 cur.)
2502 1130 2529 1147 ,⁸4

512 1161 548 1188 Ut
564 1169 587 1188 s.
838 1156 972 1188 12103.
992 1177 1029 1181 -
1047 1159 1123 1190 Eid.
1140 1158 1253 1190 mand.
1267 1159 1305 1190 ut
1318 1158 1430 1199 possit
1445 1158 1617 1199 inquirere
1634 1159 1667 1190 et
1682 1158 1864 1198 procedere
1879 1159 1997 1190 contra
2017 1157 2177 1199 proelatos
2193 1157 2395 1200 patrimonii
2516 1172 2527 1206 ,φ’

791 1214 828 1245 Β.
848 1213 939 1244 Petri
957 1212 992 1243 in
1009 1212 1135 1244 Tuscia
1147 1212 1246 1252 juxta
1260 1213 1387 1243 statuta
1402 1220 1581 1243 canonum.
1598 1211 1651 1252 (V.
1665 1213 1716 1248 70,
1735 1220 1789 1252 ep.
1805 1213 1844 1244 79
1858 1212 1901 1249 D,
1918 1211 1956 1242 de
1970 1211 2051 1253 cur.)
2484 1206 2488 1214 s

508 1268 546 1296 Ut
565 1276 589 1295 s.
839 1262 1031 1294 12101-
1049 1265 1127 1296 Eid.
1145 1265 1370 1297 committitur
1384 1266 1422 1297 ut
1435 1266 1553 1296 contra
1567 1264 1711 1303 nobiles,
1729 1266 1886 1305 potentes
1903 1266 1936 1297 et
1949 1265 2224 1303 communitates,
2240 1264 2301 1306 qui
2313 1271 2395 1307 pro·

791 1319 938 1350 vinciam
956 1319 1154 1358 patrimonii
1176 1327 1278 1350 manu
1295 1319 1426 1350 armata
1440 1317 1652 1359 perturbant,
1671 1318 1782 1358 possit
1797 1318 1979 1358 procedere
1994 1326 2055 1359 per
2073 1317 2395 1352 excommunicatio·

793 1373 847 1404 nis
863 1372 898 1403 in
912 1381 1077 1412 personas
1093 1373 1126 1404 et
1143 1371 1315 1404 interdicti
1331 1371 1518 1403 sententias
1536 1371 1572 1403 in
1586 1371 1690 1403 terris
1705 1371 1870 1411 ipsorum.
1887 1371 1944 1412 (V.
1964 1373 2014 1409 70,
2031 1379 2084 1412 ep.
2101 1373 2141 1404 79
2153 1371 2194 1409 Ε,
2211 1370 2250 1403 de
2264 1371 2346 1416 mnf)

510 1428 544 1456 Ut
564 1436 587 1456 s.
839 1423 974 1455 12105.
994 1444 1032 1449 -
1050 1425 1128 1456 Eid.
1147 1425 1371 1457 committitur
1387 1426 1425 1457 ut
1443 1425 1554 1465 possit
1569 1424 1774 1464 compellere
1789 1425 1982 1457 ordinarios
1999 1427 2032 1457 et
2049 1424 2200 1466 capitula
2214 1425 2259 1457 ad
2280 1423 2395 1462 obser·
2419 1462 2425 1466 ⁵

792 1480 940 1510 vandum
970 1481 1004 1511 et
1026 1479 1200 1511 observari
1226 1478 1419 1510 faciendum
1441 1478 1630 1510 sententias
1651 1478 1740 1510 latas
1762 1487 1824 1518 per
1846 1487 1925 1510 eum
1946 1478 2000 1510 vel
2021 1486 2084 1519 per
2107 1477 2272 1511 officiales
2298 1482 2394 1521 suos·
2512 1474 2519 1485 ‘

793 1533 847 1572 (V.
865 1534 915 1569 70,
932 1541 985 1572 ep.
1003 1534 1041 1564 79
1063 1533 1102 1569 F,
1120 1531 1157 1562 de
1175 1533 1254 1571 cur)
2405 1556 2408 1559 A

511 1590 545 1618 Ut
565 1598 588 1618 s„
839 1583 973 1615 12100.
998 1603 1030 1609 -
1047 1585 1122 1615 Eid.
1147 1585 1342 1616 conceditur
1357 1585 1448 1625 quod
1461 1584 1503 1616 ab
1518 1585 1692 1616 audientia
1705 1585 1958 1616 ordinariorum
1973 1584 2084 1625 possit
2102 1584 2270 1626 appellari
2284 1584 2328 1617 ad
2342 1584 2393 1628 ip-
2404 1606 2422 1626 s
2489 1576 2507 1621 ᾖ,
2527 1614 2529 1620 .

794 1648 870 1670 sum
895 1640 928 1670 et
944 1639 1018 1679 ipse
1037 1639 1148 1670 valeat
1166 1638 1284 1670 audire
1309 1638 1556 1678 appellationes
1576 1638 1775 1678 hujusmodi,
1793 1647 1903 1679 usque
1921 1638 1964 1670 ad
1980 1647 2087 1670 unum
2105 1647 2243 1670 annum.
2269 1634 2325 1678 (V.
2341 1631 2395 1678 70,
2432 1671 2434 1673 ,
2471 1632 2521 1673 sl'ss

793 1702 846 1732 ep.
866 1693 905 1724 79
921 1692 961 1728 G,
979 1692 1016 1722 de
1034 1694 1114 1732 cur.)

510 1750 546 1778 Ut
566 1759 588 1778 s.
840 1743 975 1775 12107.
994 1764 1032 1769 -
1050 1745 1125 1777 Eid.
1146 1747 1260 1777 mand.
1272 1747 1310 1777 ut
1325 1746 1476 1786 requirat
1488 1745 1714 1778 Guillelmum
1729 1745 1906 1781 Scarrerii,
1923 1745 1958 1776 in
1973 1744 2065 1778 Urbe
2076 1745 2244 1778 vicarium
2253 1744 2395 1787 Roberti

793 1800 884 1839 regis
897 1799 1032 1837 Siciliae,
1047 1799 1138 1839 quod
1153 1800 1287 1830 revocet
1301 1807 1482 1839 processus
1491 1799 1637 1840 injustos
1651 1808 1710 1839 per
1721 1799 1836 1839 ipsum
1850 1799 1957 1830 factos
1970 1800 2087 1831 contra
2100 1797 2220 1832 fideles
2233 1798 2396 1833 Ecclesiae

793 1854 955 1884 Romanae
973 1853 1130 1884 videlicet
1146 1852 1359 1890 Patrimonii,
1378 1853 1560 1884 comitatus
1575 1852 1734 1890 Sabiniae,
1752 1846 1851 1884 terr'ae
1867 1851 2133 1892 Arnulphorum,
2153 1852 2348 1894 campanio
2360 1853 2397 1886 et

793 1907 984 1943 Maritimae,
1002 1915 1131 1937 necnon
1153 1906 1374 1937 ecclesiarum
1390 1907 1422 1937 et
1438 1907 1584 1937 monast.
1602 1905 1707 1938 Urb1s
1723 1906 1782 1946 qui
1805 1914 1978 1946 nunquam
1996 1906 2124 1937 datiam
2146 1906 2202 1938 vel
2218 1905 2395 1939 collectam

793 1960 918 1999 populo
940 1961 1094 1991 Romano
1112 1960 1359 1998 persolverant,
1378 1959 1438 1990 sed
1455 1959 1496 1991 ab
1519 1959 1594 1999 ipso
1617 1959 1653 2002 in
1670 1959 1822 1991 collectis
1839 1961 1872 1990 et
1895 1959 2004 1990 talliis
2025 1958 2264 2000 multipliciter
2280 1965 2396 2001 aggra-
2453 2002 2462 2006 „
2507 1985 2522 2004 a

793 2013 862 2044 vati
877 2014 968 2043 sunt.
983 2013 1103 2043 Cassat
1118 2013 1183 2044 ΡΡ.
1197 2012 1394 2043 exactiones
1408 2012 1602 2052 huJusmodi
1619 2014 1652 2044 et
1663 2013 1816 2044 decernit
1831 2012 1922 2052 quod
1936 2012 2063 2052 injuste
2077 2013 2197 2044 exacta
2210 2013 2396 2046 restituan-

792 2067 848 2096 tur
876 2075 894 2096 a
916 2066 1005 2097 dicto
1025 2066 1167 2102 vicari03
1192 2066 1283 2105 quod
1307 2065 1422 2097 sinon
1449 2065 1578 2103 fecerit,
1605 2074 1665 2105 per
1690 2074 1868 2097 censuram
1890 2065 1933 2096 ad
1950 2065 1986 2096 id
2005 2065 2239 2106 compellatur.
2266 2065 2394 2105 (lt-²10,
2418 2089 2421 2091 >

793 2128 846 2159 ep.
865 2121 903 2150 79
918 2120 961 2156 H,
979 2118 1015 2149 de
1032 2119 1112 2158 cur.)
2481 2113 2523 2161 f

510 2174 546 2204 Ut
565 2185 578 2203 s
840 2169 976 2202 12108.
996 2190 1034 2195 -
1052 2172 1127 2202 Eid.
1145 2173 1256 2204 mand.
1275 2174 1313 2203 ut
1328 2172 1478 2212 inquirat
1496 2172 1536 2203 de
1554 2172 1714 2204 censibus
1731 2172 1814 2204 eccl.
1831 2173 1993 2204 Romanae
2009 2172 2134 2204 debitis
2151 2173 2188 2204 in
2209 2172 2397 2213 provinciis
2503 2172 2514 2213 ’ξ

794 2226 860 2256 sibi
872 2225 1067 2257 commissis
1081 2227 1114 2256 et
1125 2226 1219 2265 ipsos
1232 2234 1354 2257 census
1368 2225 1579 2257 thesaurario
1593 2225 1795 2257 Patrimonii
1806 2225 1909 2257 saciat
1921 2226 2101 2266 assignari.
2116 2226 2172 2267 (V.
2184 2227 2235 2264 70,
2247 2235 2300 2267 ep.
2315 2229 2356 2261 '19
2366 2227 2396 2267 Ι,
2458 2223 2461 2226 ’
2497 2218 2501 2221 ⁷
2518 2219 2522 2222 ⁵

794 2279 831 2310 de
850 2280 927 2317 cur.)
2365 2302 2370 2305 ⁴

511 2334 545 2362 Ut
565 2343 589 2362 s.
840 2329 973 2361 12109.
993 2350 1031 2354 -
1049 2331 1123 2362 Eid.
1141 2341 1233 2363 conc.
1255 2333 1292 2363 ut
1308 2332 1419 2363 valeat
1434 2341 1495 2372 per
1512 2341 1548 2363 se
1568 2332 1623 2364 vel
1640 2332 1805 2364 officiales
1823 2341 1904 2364 suos
1921 2333 2027 2365 citare
2042 2334 2075 2365 et
2093 2341 2213 2365 vocare
2232 2333 2275 2366 ad
2297 2331 2415 2367 suam*

794 2386 847 2417 vel
870 2386 1024 2425 ipsorum
1042 2385 1240 2416 officialium
1264 2386 1481 2425 praesentiam
1499 2385 1633 2417 nobiles
1656 2388 1689 2417 et
1708 2385 1889 2418 inferiores
1912 2387 2010 2424 alioS,
2028 2395 2066 2418 ac
2087 2383 2350 2420 communitates
2362 2389 2398 2420 et

793 2439 1036 2470 universitates
1056 2439 1146 2470 infra
1165 2439 1317 2470 decretas
1338 2439 1404 2470 sibi
1422 2439 1616 2479 provincias
1640 2440 1673 2470 et
1693 2439 1914 2476 sententiare,
1933 2440 2128 2479 procedere,
2146 2449 2349 2481 cognoscere
2364 2443 2399 2474 et
2480 2472 2485 2473 a
2518 2467 2526 2482 ,-

794 2492 934 2527 definire
955 2501 1024 2523 non
1045 2492 1199 2523 obstante
1222 2493 1298 2531 Jure
1317 2492 1616 2524 consuetudinario
1639 2501 1705 2533 quo
1727 2494 1826 2525 extra
1847 2501 1928 2524 suas
1945 2493 2037 2526 civit.
2056 2494 2089 2525 et
2105 2493 2151 2525 di.
2176 2493 2398 2534 adjudicium
2446 2521 2450 2523 a
2491 2486 2527 2536 μ’*

793 2546 927 2578 evocari
942 2554 1009 2577 non
1026 2545 1170 2585 possint.
1189 2545 1243 2586 (V.
1261 2547 1311 2584 70,
1328 2555 1380 2585 ep.
1400 2548 1439 2578 79
1453 2546 1483 2583 J,
1503 2545 1540 2576 de
1554 2546 1634 2586 cur.)
2341 2539 2346 2543 ’

517 2602 550 2630 Ut
565 2610 593 2630 s.
840 2597 978 2629 12110.
998 2617 1036 2622 -
1054 2598 1130 2629 Eid.
1150 2600 1263 2630 mand.
1285 2601 1322 2630 ut
1340 2608 1376 2631 se
1394 2600 1556 2631 informet
1578 2600 1619 2631 de
1638 2599 1769 2632 decima
1791 2600 1875 2632 olim
1899 2609 1960 2640 pro
1981 2600 2138 2633 subsidio
2159 2602 2259 2633 terrae
2272 2602 2399 2635 sancta
2492 2595 2510 2614 '²

793 2653 956 2692 imposita
971 2661 991 2684 a
1005 2653 1180 2685 Clemente
1198 2652 1265 2684 ΡΡ.
1281 2653 1311 2684 V
1326 2653 1361 2684 in
1377 2653 1465 2684 dicto
1482 2653 1694 2685 Patrimonio
1710 2655 1742 2685 et
1758 2653 1924 2685 rescribat
1939 2654 1975 2685 iu
1991 2655 2156 2694 quantum
2169 2656 2203 2686 et
2219 2654 2255 2686 in
2272 2653 2399 2695 quibus
2414 2696 2416 2698 ι
2471 2688 2473 2690 ,

793 2706 997 2738 dioecesibus
1012 2708 1063 2738 est
1079 2706 1270 2743 collectum,
1285 2706 1375 2746 apud
1391 2715 1476 2746 quos
1491 2707 1636 2746 pecunia
1651 2706 1792 2738 collecta
1805 2706 1871 2738 fuit
1883 2707 2050 2747 deposita,
2064 2708 2097 2739 et
2111 2709 2276 2748 quantum
2292 2708 2399 2741 restat
2464 2721 2465 2725 ¹
2500 2734 2505 2741 .

794 2760 834 2791 de
853 2760 942 2791 dicta
959 2759 1090 2791 decima
1107 2759 1346 2800 colligendum.
1363 2759 1418 2799 (V.
1437 2761 1487 2798 70,
1505 2768 1558 2799 ep.
1577 2761 1627 2798 80,
1645 2759 1682 2791 de
1695 2759 1777 2800 cur.)
2449 2800 2453 2802 η
2513 2786 2524 2802 .-

514 2815 549 2842 Ut
569 2824 592 2842 s.
841 2811 980 2843 12111.
1005 2831 1043 2836 -
1061 2812 1138 2844 E'id.
1165 2813 1309 2844 facultas
1330 2813 1534 2853 procedendi
1555 2814 1672 2844 contra
1695 2813 1774 2845 illos
1792 2813 1851 2854 qui
1871 2814 1967 2845 citati
1985 2823 2046 2854 per
2063 2823 2141 2846 eum
2159 2814 2214 2846 vel
2232 2814 2397 2847 officiales
2489 2804 2494 2806 ἡ

795 2875 877 2898 suos
898 2875 998 2898 voces
1025 2866 1268 2906 appellationis
1289 2866 1449 2898 emittunt
1467 2875 1579 2898 coram
1606 2867 1698 2904 aliis,
1721 2867 1764 2898 ad
1788 2875 1875 2908 quos
1892 2867 1928 2899 id
1950 2876 2019 2899 non
2039 2867 2198 2908 pertinet,
2216 2869 2255 2900 ut
2273 2868 2348 2900 suis
2363 2863 2398 2900 et

796 2929 937 2952 suorum
960 2920 1158 2951 officialium
1186 2919 1407 2951 citationibus
1429 2920 1586 2957 illudant,
1612 2922 1644 2951 et
1669 2920 1895 2960 compellendi
1916 2920 2108 2952 ordinarios
2134 2921 2177 2952 ad
2203 2921 2410 2953 faciendum‘

795 2974 924 3005 servari
941 2974 1128 3005 sententias
1141 2973 1229 3005 latas
1244 2982 1304 3012 per
1319 2982 1397 3004 eum
1410 2973 1464 3005 vel
1480 2973 1644 3005 officiales
1663 2983 1744 3005 suos
1759 2976 1876 3005 contra
1887 2974 1986 3006 tales.
1999 2973 2052 3015 (V.
2068 2975 2118 3012 70,
2132 2983 2185 3014 ep.
2202 2975 2237 3005 81
2265 2974 2303 3006 de
2316 2974 2398 3015 cur.)
