2566 3562
422 561 1084 668 JOANNIS
1177 560 1603 660 PAPAE
1696 555 2038 658 XXII

1039 746 1424 818 (1316-1334)

723 962 1184 1038 LITTERAE
1250 961 1378 1034 DE
1436 959 1745 1033 CURIA

1097 1248 1134 1296 Α
1151 1247 1192 1295 Ν
1211 1247 1252 1295 Ν
1273 1247 1281 1294 Ι
1336 1246 1375 1295 V

897 1347 934 1394 (5
957 1349 1052 1395 sept.
1078 1346 1190 1383 1320
1211 1366 1262 1372 —
1282 1346 1308 1382 4
1328 1348 1420 1394 sept.
1445 1345 1573 1391 1321)

250 1436 355 1463 Datum
372 1429 558 1464 Avenione.

246 1540 264 1567 5
280 1538 371 1574 (non.)
383 1541 453 1574 sept.
474 1536 563 1565 1320.
693 1532 830 1565 14091.
849 1551 887 1556 -
909 1533 1083 1565 Bertrando
1099 1533 1147 1563 tic.
1170 1543 1194 1564 s.
1212 1531 1355 1563 Marcelli
1372 1531 1484 1571 presb.
1512 1531 1617 1568 card,
1635 1531 1676 1562 A.
1697 1531 1729 1563 S.
1752 1530 1874 1570 legato,
1892 1538 1984 1561 conc.
2002 1529 2038 1561 ut
2054 1529 2166 1570 possit
2183 1537 2262 1569 pro·

647 1589 762 1620 videre
779 1597 840 1619 sex
855 1596 945 1628 pers.
965 1588 1005 1618 de
1023 1595 1086 1618 sex
1103 1587 1194 1627 dign.
1220 1586 1256 1617 in
1276 1585 1420 1617 totidem
1437 1584 1518 1621 eccl.
1538 1583 1791 1616 cathedralibus
1807 1583 1861 1615 vel
1875 1583 2066 1624 collegiatis
2083 1591 2154 1614 suae
2170 1582 2261 1623 lega-

647 1643 763 1674 tionis.
783 1642 838 1682 (V.
855 1643 906 1679 72,
924 1650 976 1681 ep.
994 1643 1008 1671 1
1027 1640 1063 1671 de
1078 1641 1157 1680 cur.)

365 1698 402 1726 Ut
421 1705 445 1725 e.
695 1693 830 1725 14092.
853 1713 890 1717 —
910 1695 995 1735 May.
1017 1693 1178 1725 Bernardo
1194 1693 1230 1724 de
1245 1692 1478 1724 Monteoalrano
1493 1691 1612 1722 archid.
1632 1690 1798 1722 Sicaloniae
1818 1691 1850 1721 in
1863 1689 1937 1721 eccl.
1956 1690 2142 1728 Bituricen„
2159 1690 2200 1722 A.
2220 1689 2246 1720 S

399 1741 401 1743 ¹
649 1750 768 1786 nuntio,
782 1749 895 1780 mand.
913 1749 950 1780 ut
966 1748 1079 1788 exigat
1095 1747 1235 1788 plenum
1251 1747 1449 1786 computum
1463 1746 1495 1777 et
1511 1745 1679 1776 rationem
1696 1745 1736 1776 de
1752 1744 1920 1776 fructibus
1935 1743 2047 1775 benef.
2065 1743 2261 1775 vacantium

649 1803 686 1834 in
700 1811 802 1843 regno
822 1802 935 1833 Daciae
951 1810 970 1832 a
986 1800 1227 1832 collectoribus
1244 1801 1276 1831 et
1299 1797 1606 1830 subcollectoribus
1628 1798 1664 1828 in
1689 1798 1765 1838 ipso
1781 1806 1884 1838 regno
1912 1797 2096 1838 deputatis,
2117 1797 2150 1828 et
2166 1797 2203 1828 ut
2220 1796 2262 1828 de

650 1856 796 1896 receptis
815 1855 938 1896 quittet
955 1855 987 1886 et
1001 1854 1168 1885 absolvat.
1182 1853 1235 1894 (V.
1254 1855 1305 1890 71,
1322 1861 1374 1893 ep.
1392 1855 1412 1884 4
1427 1852 1463 1882 de
1477 1853 1558 1891 cur.)

371 1911 407 1939 Ut
427 1919 452 1938 s.
698 1906 834 1939 14093.
854 1927 892 1932 -
907 1907 990 1949 May.
1011 1907 1125 1939 Joanm·
1141 1906 1178 1938 de
1195 1906 1289 1943 Pinu,
1305 1915 1379 1937 can.
1394 1905 1474 1937 eccl.
1491 1905 1737 1944 Tornodoren.,
1754 1904 1942 1944 Lingonen.
1960 1904 2021 1941 di„
2035 1903 2262 1935 committitur

651 1964 688 1994 ut
704 1963 845 2003 recipiat
860 1970 984 1993 census
998 1960 1132 1992 debitos
1147 1961 1185 1992 E.
1203 1961 1244 1992 R.
1262 1969 1281 1991 a
1297 1959 1502 2000 quibusdam
1516 1967 1607 1998 pers.
1622 1959 1658 1989 in
1674 1958 1850 1998 provincia
1864 1958 2007 1989 Remen.
2026 1956 2079 1998 (V.
2095 1958 2148 1994 71,
2162 1966 2215 1997 ep.
2229 1958 2260 1995 6,

652 2016 690 2047 de
705 2016 803 2046 curia.

237 2054 271 2099 1⁹0
285 2074 328 2108 (1v
341 2070 393 2103 id.)
407 2073 478 2106 sept.
497 2069 586 2099 4320.
698 2015 833 2099 1409}
851 2086 888 2092 —
909 2068 998 2100 Unio.
1011 2067 1212 2109 patriarchis,
1227 2066 1382 2107 archia-lod
1395 2071 1422 2096 ει
1438 2066 1515 2107 εμίε
1531 2067 1593 2097 etc.
1609 2066 1770 2097 Testatur
1786 2065 1880 2105 Papa
1893 2064 1983 2104 quod
1998 2063 2190 2104 Dionysius
2205 2072 2264 2095 rex

651 2123 868 2164 Por-tugalliae
886 2130 1060 2162 nunquam
1078 2120 1217 2161 scripsit
1234 2122 1352 2152 contra
1367 2119 1592 2159 Alphonsum‚
1606 2117 1872 2159 primogenitum
1894 2126 2008 2155 suum,
2023 2126 2085 2149 nec
2100 2117 2191 2158 quod
2203 2126 2264 2149 un-

653 2186 754 2217 quam
777 2176 1029 2216 supplicaverat
1048 2183 1107 2215 pro
1123 2174 1370 2214 legitimatione
1390 2173 1556 2213 Alphonsi
1574 2172 1700 2210 Sancii,
1720 2172 1784 2203 filii
1809 2171 1976 2203 naturalis
1994 2171 2077 2202 dicti
2095 2171 2201 2211 regis,
2216 2171 2264 2202 ita

653 2232 690 2262 ut
707 2230 903 2262 succederet
915 2229 950 2260 in
964 2237 1106 2269 regnum
1122 2237 1234 2259 suum.
1253 2227 1414 2267 Sequitur
1428 2227 1576 2258 hortatio
1593 2226 1635 2257 ad
1647 2225 1896 2266 procurandam
1912 2224 2074 2256 unionem
2088 2224 2178 2256 inter
2193 2232 2264 2256 eos.

655 2283 709 2323 (V.
727 2286 778 2321 71,
793 2291 846 2323 ep.
864 2285 883 2314 2
898 2282 935 2314 de
951 2283 1063 2321 curia.)

229 2340 263 2366 Η
282 2338 329 2374 (ιιι
349 2336 400 2373 id.)
419 2340 490 2373 sept.
508 2335 597 2364 ¹320·
701 2333 837 2366 14095.
857 2355 894 2360 —
913 2335 1044 2367 Nicolao
1066 2345 1137 2376 ‹ep-⁰
1154 2335 1342 2366 Anconitan.
1359 2338 1387 2365 et
1402 2333 1500 2374 fratri
1514 2333 1683 2364 Laurentio
1698 2333 1734 2364 de
1751 2332 1940 2374 Mondayno.
1966 2332 2001 2363 O.
2018 2332 2074 2367 Μ.,
2097 2331 2211 2363 mand.
2229 2331 2266 2362 ut

656 2390 839 2430 procedant
853 2389 888 2421 in
904 2389 1039 2429 negotio
1053 2388 1289 2428 inquisitionis
1300 2387 1415 2419 habito
1430 2396 1491 2427 per
1505 2395 1564 2418 eos
1578 2388 1695 2418 contra
1708 2387 1913 2418 Recanaten.
1927 2387 1960 2417 et
1973 2385 2159 2417 Auximan.
2175 2384 2268 2416 cives

658 2452 760 2483 super
778 2451 817 2474 eo
836 2442 931 2483 quod
944 2442 1069 2473 dicitur
1093 2442 1189 2481 ipsos
1212 2441 1395 2472 haeresium
1419 2440 1634 2471 diversarum
1658 2439 1862 2471 criminibus
1885 2439 1957 2470 fore
1983 2446 2172 2478 respersos,
2199 2446 2269 2469 non

658 2496 746 2528 obst.
765 2495 856 2536 quod
877 2495 1052 2527 Thedinus
1072 2495 1230 2526 minister
1246 2493 1469 2534 provincialis
1483 2493 1523 2525 Ο.
1545 2493 1590 2524 Μ.
1610 2493 1792 2529 revocavit,
1813 2493 1980 2532 praetextu
1997 2491 2176 2532 cujusdam
2193 2491 2266 2523 ord.

659 2549 789 2586 statuti,
809 2548 1007 2589 praedictum
1027 2547 1251 2579 Laurentium
1273 2556 1316 2578 ex
1331 2546 1444 2578 officio
1460 2545 1678 2586 inquisitoris
1694 2546 1727 2577 et
1744 2545 1810 2577 eid.
1830 2545 2029 2585 subrogavit
2044 2543 2210 2576 Jacobum
2226 2544 2269 2576 de

659 2602 841 2639 Fabriano,
861 2601 921 2642 qui
938 2601 984 2632 id.
1002 2601 1057 2632 off.
1075 2609 1143 2632 non
1155 2600 1255 2640 plene
1271 2601 1418 2631 exercet.
1431 2598 1485 2639 (V.
1506 2600 1555 2635 71,
1572 2607 1626 2638 ep.
1642 2600 1660 2630 3
1676 2599 1717 2635 Α,
1732 2598 1767 2629 de
1783 2599 1863 2638 cur.)

379 2657 415 2685 Ut
435 2665 459 2685 s.
709 2652 846 2685 14096.
865 2673 904 2678 -
921 2653 1011 2685 Eisd.
1031 2654 1145 2685 mand.
1171 2654 1208 2684 ut
1235 2652 1418 2693 procedant
1442 2652 1477 2683 in
1502 2651 1727 2692 inquisitione
1749 2651 1837 2683 facta
1857 2653 1973 2683 contra
1987 2650 2208 2682 Fredericum
2228 2650 2270 2682 de

661 2709 903 2741 Monteferelro
917 2709 949 2739 et
958 2707 1133 2739 credentes
1143 2715 1181 2737 ac
1198 2706 1350 2737 faventes
1364 2706 1429 2737 eid.
1447 2713 1549 2745 super
1564 2713 1603 2736 eo
1619 2705 1710 2744 quod
1723 2704 1847 2736 dicitur
1859 2705 2074 2736 diversarum
2088 2703 2271 2735 haeresium

663 2766 694 2795 et
708 2761 873 2794 idolatriae
884 2761 955 2793 fore
968 2760 1044 2792 labe
1059 2768 1266 2800 respersum,
1284 2768 1351 2790 non
1365 2758 1451 2790 obst.
1467 2757 1772 2790 constitutionibus
1781 2757 1974 2789 contrariis.
1991 2757 2046 2798 (V.
2064 2759 2114 2794 71,
2130 2765 2184 2797 ep.
2200 2759 2218 2789 3
2231 2757 2270 2795 Β,

664 2815 699 2847 de
719 2815 801 2855 eur.)

379 2872 416 2900 Ut
436 2880 461 2899 s.
710 2866 844 2898 14097.
865 2886 901 2891 -
922 2867 1003 2908 May.
1028 2866 1188 2898 Bernardo
1204 2865 1240 2896 de
1256 2865 1501 2903 Montevalrano,
1520 2865 1559 2895 A.
1576 2864 1612 2896 S.
1630 2865 1750 2901 nuntio,
1770 2864 1996 2896 committitur
2012 2864 2103 2904 quod
2118 2864 2154 2895 in
2169 2872 2273 2904 regno

419 2931 421 2933 ’
665 2922 778 2955 Daciae
795 2922 932 2962 colligat
948 2923 980 2952 et
999 2921 1140 2960 recipiat
1158 2920 1325 2951 decimam
1342 2919 1425 2951 olim
1445 2918 1642 2959 impositam
1665 2927 1726 2958 per
1749 2917 1959 2949 Clementem
1974 2917 2043 2949 PP.
2064 2917 2092 2949 V
2110 2917 2146 2948 in
2164 2916 2275 2949 subsi-

666 2977 760 3008 dium
781 2976 894 3007 Terrae
917 2975 1047 3006 Sanctae
1064 2982 1125 3014 pro
1142 2974 1288 3014 quatuor
1311 2973 1409 3003 annis
1431 2981 1474 3004 ex
1491 2980 1553 3003 sex
1569 2971 1667 3003 annis
1685 2971 1918 3011 impositionis
1941 2971 2063 3011 ejusd„
2096 2971 2131 3002 in
2150 2971 2276 3011 quibus

667 3029 864 3061 collectores
881 3027 1032 3068 deputati
1048 3026 1207 3067 colligere
1224 3026 1455 3067 neglexerunt,
1474 3027 1505 3057 et
1522 3025 1645 3065 quittet
1661 3025 1701 3056 de
1714 3024 1849 3056 solutis.
1865 3023 1918 3065 (V.
1935 3026 1985 3062 71,
2001 3033 2053 3065 ep.
2068 3026 2087 3056 5
2103 3023 2139 3055 de
2155 3025 2236 3065 cur.)

377 3084 524 3114 JOANNIS
544 3084 614 3111 xxii
649 3097 684 3103 -
702 3083 733 3111 Τ.
756 3082 791 3110 111
2101 3078 2137 3107 45
