2566 3562
335 321 394 352 320

364 409 464 435 Datum
489 400 674 435 Avenione.

349 511 385 538 10
403 510 444 545 (vl
465 508 516 542 id.)
530 507 588 542 jul.
604 506 693 535 1321.
717 501 720 506 ’

445 554 476 581 Τ.
497 552 591 580 XXIV.

478 828 514 856 Ut
531 836 554 855 s.

433 874 464 901 T.
484 874 517 907 X,
537 873 595 900 XII.

347 991 382 1017 Η
404 989 435 1024 (v
454 988 507 1023 id.)
521 988 579 1022 jul.
599 987 688 1015 1321.

476 1149 511 1176 Ut
529 1157 552 1175 s.

422 1194 454 1220 T.
468 1193 515 1227 xl,
532 1192 604 1220 xm.

476 1362 512 1389 Ut
530 1370 552 1389 s.

417 1408 448 1435 T.
467 1407 541 1439 XIII,
552 1407 610 1434 XV.

345 1683 438 1720 {2(1v
457 1683 508 1718 id.)
527 1683 582 1717 jul.
602 1683 690 1710 1321.

449 1728 480 1757 T.
504 1728 576 1755 XVI.

476 1897 513 1924 Ut
528 1905 550 1924 s.

454 1942 484 1968 T.
503 1941 573 1969 XVI.

475 2058 510 2085 Ut
529 2066 551 2084 s.

451 2101 487 2129 T.
508 2102 577 2129 XVI.

474 2377 511 2405 Ut
530 2385 553 2405 s,

436 2422 466 2450 T.
483 2423 515 2456 X,
532 2423 590 2449 XII.

470 2591 506 2619 Ut
531 2599 555 2619 S.

452 2636 482 2663 Τ.
503 2636 574 2663 XVI.

474 2752 510 2779 Ut
527 2760 551 2779 s.

423 2796 453 2823 T.
467 2797 512 2830 xl,
529 2797 599 2823 XIII.

728 315 901 346 JOANNIS
923 315 1042 346 PAPAE
1062 314 1164 346 XXII.
1189 315 1437 356 (1816-1884).
1460 331 1500 339 —
1520 314 1708 347 LITTERAE
1729 314 1954 347 COMMUNES

1756 0 1767 10 γ
1802 0 1812 6 ,.
1821 0 1832 7 -.
1850 0 1907 18 πῖν’
1917 0 2072 27 [απῆΨ-ἯῩἛ
2110 6 2152 27 ’.ἢζ

803 502 938 535 13778.
954 522 993 528 -
1007 505 1085 537 Abb.
1102 510 1233 537 monast.
1250 505 1286 537 de
1301 505 1431 543 Beania,
1445 506 1484 539 O.
1501 505 1535 538 S.
1551 506 1605 544 B.,
1619 505 1830 538 Xanctonen.
1846 505 1907 544 di.,
1923 505 2037 537 mend.
2055 506 2094 537 ut
2109 505 2285 547 dispenset
2298 515 2355 539 su·

758 567 818 599 per
833 559 1082 599 irregularitate
1106 559 1246 591 Petrum
1268 560 1410 600 Amnes,
1430 559 1530 595 diac„
1547 567 1638 591 mon.
1655 558 1801 590 monast.
1817 558 1970 600 praedicti
1983 567 1994 597 ;
2008 558 2135 591 etenim
2151 567 2228 600 eum
2241 559 2354 593 debite

758 612 997 652 requisivisset
1008 612 1198 644 Arnaldum
1214 612 1400 650 Fulcherii,
1412 612 1537 644 laicum
1551 611 1648 644 dietae
1663 611 1722 648 di.,
1742 619 1837 643 arma
1850 610 1958 644 vetIta
1973 611 2010 643 in
2023 611 2113 644 dleto
2127 611 2201 644 loeo
2216 612 2257 644 de
2271 611 2356 645 Ben-

757 665 825 704 nia,
843 665 907 697 sub
919 674 1013 698 mero
1027 667 1060 697 et
1076 666 1184 698 mixto
1200 666 1345 706 imperio
1361 665 1439 697 abb.
1457 666 1491 698 et
1507 673 1603 697 conv.
1618 664 1701 697 dicti
1717 666 1862 697 monast.
1881 664 2060 702 existente,
2078 665 2300 704 deferentem,
2316 666 2357 698 ut

758 728 852 750 arma
868 719 1050 759 deponeret
1068 719 1263 760 supradicta
1287 719 1453 760 contingit
1477 719 1578 760 quod,
1597 718 1703 750 alium
1723 717 1954 760 impingendo,
1971 718 2083 750 dietus
2097 718 2268 751 Arnaldus
2282 719 2356 751 lan-

757 780 816 804 cea
830 772 894 804 fuit
907 773 1106 804 vulneratus
1121 775 1154 805 et
1167 772 1335 805 occubuit.
1353 772 1405 812 (A.
1419 773 1469 810 15,
1487 771 1511 803 f.
1527 773 1588 804 288
1603 771 1618 793 ¹³
1627 781 1638 809 3
1657 772 1700 803 V.
1717 773 1766 809 72,
1781 779 1835 812 ep.
1851 770 1959 812 1238.)
2142 766 2146 772 “

803 823 980 855 13770-
994 826 1112 859 Gratia
1129 835 1225 867 exsp.
1243 825 1357 858 benef.
1374 825 1489 858 saeeul.
1502 834 1532 858 0.
1552 834 1581 857 0.
1596 825 1650 857 vel
1667 833 1695 856 s.
1713 833 1743 856 0.
1761 825 1797 856 in
1813 825 1906 856 civit.
1922 824 1976 856 vel
1997 825 2044 856 di.
2062 825 2268 857 Cavallieen.
2284 825 2357 858 Gal-

757 886 821 911 tero
836 880 902 922 filio
917 879 1072 911 Guillelmi
1090 879 1231 917 Galteriz',
1249 880 1328 911 cler.
1347 879 1444 911 diclae
1458 879 1505 911 di.
1522 897 1561 902 —
1577 879 1604 911 Ι.
1623 887 1653 910 0.
1669 887 1715 910 m.
1732 887 1819 918 ep.o,
1835 886 1938 919 praep.
1955 879 1990 910 et
2005 878 2157 910 sacristae
2171 878 2254 911 0001.
2268 879 2355 912 Ave·

757 935 893 966 nionen.
912 934 963 971 (A.
981 935 1029 971 15,
1043 933 1065 964 f.
1081 935 1137 965 ⁴51
1160 939 1190 970 ι;
1212 933 1248 965 V.
1272 934 1322 970 72,
1341 942 1394 974 ep.
1411 932 1516 972 1529.)

804 985 937 1017 13780.
958 1006 996 1011 -
1010 987 1104 1018 Petro
1119 986 1274 1028 archiep.o
1290 986 1412 1027 Aquen.
1432 985 1532 1018 facul.
1552 994 1645 1017 conc.
1663 984 1882 1017 contrahendi
1897 986 2054 1016 mutuum
2076 993 2187 1026 usque
2204 985 2247 1017 ed
2264 993 2358 1018 sum·

757 1050 846 1073 mam
862 1042 940 1073 1000
963 1041 1035 1072 flor.
1056 1042 1127 1072 tam
1144 1049 1204 1081 pro
1225 1041 1298 1071 suis
1321 1039 1527 1071 necessariis
1547 1047 1649 1079 quam
1669 1046 1730 1078 pro
1745 1047 1815 1070 suae
1836 1037 1915 1070 0001.
1935 1037 2082 1078 negotiis
2098 1046 2152 1079 ap.
2170 1038 2205 1070 S.
2221 1038 2262 1071 A.
2277 1047 2356 1080 pro-

757 1095 934 1127 movendis
948 1096 981 1126 et
997 1093 1230 1134 expediendis.
1248 1093 1302 1134 (A.
1322 1094 1371 1130 15,
1390 1092 1414 1124 f.
1432 1094 1491 1125 179
1511 1097 1542 1129 ¹3
1569 1091 1600 1123 V.
1620 1093 1670 1127 72,
1688 1100 1741 1132 ep.
1759 1091 1846 1131 925.)

803 1145 923 1178 13781
932 1165 983 1177 .-
995 1147 1108 1179 Jacobo
1128 1146 1305 1184 Vaurelhas,
1315 1151 1388 1177 nato
1404 1144 1623 1177 Bartholomaei
1638 1144 1788 1176 Vaut-elas
1801 1144 1838 1176 de
1850 1145 1959 1186 Aquis,
1973 1145 2087 1177 collat.
2102 1153 2208 1177 canon
2215 1168 2235 1183 .,
2248 1144 2355 1186 prob.

757 1204 789 1234 et
804 1201 1032 1242 praecentoriae
1055 1201 1136 1232 eccl.
1156 1201 1291 1240 Apten„
1317 1208 1378 1240 per
1404 1199 1486 1230 obit.
1505 1198 1671 1238 Rostagni
1687 1198 1766 1230 Boti
1782 1206 1836 1238 ap.
1855 1198 1888 1230 S.
1907 1198 1949 1230 A.
1966 1206 2009 1230 ex
2024 1198 2165 1238 speciali
2189 1201 2354 1231 reservat.

756 1264 827 1287 vac.
851 1263 932 1292 ;non
946 1254 1033 1286 obst.
1052 1262 1170 1285 canon.
1186 1252 1267 1285 0001.
1281 1254 1409 1293 Regen.
1423 1251 1487 1284 sub
1500 1260 1597 1291 exsp.
1609 1250 1712 1292 praeb.
1726 1269 1762 1274 —
1773 1251 1801 1283 I.
1814 1259 1843 1282 e.
1858 1259 1904 1282 m.
1916 1259 2020 1292 praep.
2033 1252 2180 1292 Aquom,
2195 1252 2230 1284 et
2245 1251 2355 1292 ejusd.

757 1318 795 1340 30
811 1309 1020 1340 Avenionen.
1040 1306 1193 1339 sacristis
1209 1307 1289 1338 eccl.
1304 1307 1356 1347 (A.
1373 1307 1422 1344 13,
1437 1305 1461 1337 f.
1481 1306 1562 1343 7383
1583 1303 1616 1335 V.
1631 1305 1671 1336 70
1687 1305 1709 1343 ¹,
1728 1313 1782 1344 ep.
1799 1305 1879 1337 1562
1893 1305 1938 1342 A;
1963 1303 1996 1336 V.
2015 1305 2066 1342 72,
2085 1313 2138 1345 ep.
2156 1305 2259 1344 1051.)

803 1359 936 1391 13782.
955 1379 994 1384 -—
1009 1361 1216 1402 Berenqarius
1242 1359 1279 1391 de
1295 1357 1443 1396 Medalia,
1461 1367 1554 1390 mon.
1573 1359 1718 1389 monast.
1740 1367 1767 1389 s.
1789 1357 1979 1393 Salvatoris
1995 1358 2037 1390 de
2054 1358 2177 1395 Breda,
2194 1358 2234 1391 Ο.
2251 1358 2286 1392 S.
2301 1359 2356 1396 B..

758 1417 950 1448 Gerunden.
966 1415 1024 1453 di.,
1043 1414 1247 1454 transfertur
1264 1413 1307 1445 ad
1321 1414 1468 1444 monast.
1481 1412 1522 1443 de
1536 1411 1722 1452 Rivopullo
1739 1411 1846 1452 ejusd.
1866 1411 1953 1449 ord.‚
1968 1411 2085 1444 Vicen.
2103 1411 2164 1450 di.,
2177 1411 2242 1444 sub
2257 1420 2356 1454 exsp.
2406 1436 2407 1439 ,

757 1469 1001 1510 praepositurae,
1015 1477 1075 1500 seu
1093 1467 1299 1504 administr.,
1316 1469 1374 1498 aut
1391 1466 1563 1506 prioratus
1579 1465 1635 1497 vel
1649 1465 1704 1496 off.
1722 1474 1750 1497 0.
1765 1474 1794 1497 0.
1807 1465 1862 1496 vel
1875 1473 1904 1496 s.
1922 1473 1949 1496 0.
1969 1465 2011 1496 ad
2026 1464 2103 1496 abb.
2118 1466 2150 1498 et
2164 1474 2261 1497 conv·
2274 1465 2357 1499 dieti

757 1524 902 1555 monast.
920 1523 961 1554 de
985 1522 1168 1562 Rivopullo
1185 1521 1298 1552 collat.
1322 1519 1447 1560 pertin.
1462 1519 1537 1560 (100
1553 1518 1576 1550 l.
1593 1520 1646 1558 t.),
1662 1520 1695 1550 et
1713 1527 1773 1559 per
1787 1518 1899 1559 ipsius
1913 1519 2059 1550 monast.
2078 1525 2170 1562 mon.
2185 1518 2264 1560 gub.
2280 1527 2359 1552 eon·

758 1577 861 1614 sueti;
876 1576 1005 1608 consid.
1026 1575 1167 1607 Roberti
1181 1574 1307 1606 Siciliae
1323 1573 1425 1614 regis.
1440 1591 1479 1596 —
1494 1572 1522 1604 1.
1542 1581 1572 1604 e.
1590 1581 1635 1603 m.
1654 1580 1731 1612 ep.o
1745 1572 1877 1609 Vicen.,
1895 1572 1929 1603 et
1945 1571 2022 1603 abb.
2045 1573 2192 1604 monast.
2209 1572 2355 1612 Fuxen„

757 1630 1003 1671 Appamiarum
1019 1629 1080 1666 di.,
1100 1638 1137 1660 30
1152 1627 1278 1660 archid.
1296 1627 1414 1660 vicen.
1436 1626 1489 1666 (A.
1507 1627 1558 1663 15,
1574 1625 1597 1657 f.
1615 1626 1676 1657 408
1689 1625 1723 1663 ὓς
1746 1624 1780 1657 V.
1801 1627 1850 1662 72,
1869 1634 1922 1665 ep.
1942 1625 2048 1666 1427.)

803 1681 937 1714 13783.
955 1701 995 1707 —
1009 1683 1169 1722 Dispens.
1203 1690 1306 1721 super
1333 1685 1381 1711 1v⁰
1411 1679 1633 1719 consanguin.
1666 1679 1773 1719 gradu
1801 1679 1836 1710 in
1851 1679 2003 1710 matrim.
2021 1678 2249 1712 contrahendo
2265 1679 2356 1712 inter

758 1738 985 1773 For-lanerium,
1012 1736 1114 1776 filium
1138 1746 1170 1767 η.
1186 1745 1214 1766 v.
1229 1733 1363 1765 Arnaldt'
1381 1732 1538 1765 Guillelmi
1558 1733 1594 1763 de
1617 1727 1767 1771 Bearnio,
1795 1732 1868 1764 d.ni
1891 1732 1931 1764 de
1947 1732 2122 1770 Lascurio,
2138 1734 2171 1765 et
2186 1731 2357 1773 Matiliam,

756 1792 853 1833 filiam
885 1802 916 1822 η.
933 1801 962 1822 υ.
982 1789 1147 1821 Raimundi
1171 1788 1307 1820 Arnaldi
1333 1786 1401 1818 d.ni
1425 1786 1461 1818 de
1490 1785 1687 1822 enudat-asa,
1717 1786 1921 1817 Lascurren.
1945 1787 1978 1817 et
2007 1785 2144 1830 Oloren.
2160 1785 2207 1818 di.
2233 1786 2285 1826 (A.
2303 1787 2354 1826 15,

758 1847 782 1877 f.
797 1847 858 1877 470
873 1851 907 1881 ⁸;
931 1844 964 1875 V.
981 1846 1031 1881 71,
1050 1852 1102 1883 ep.
1120 1844 1180 1874 499
1191 1842 1233 1882 Ι.)

805 1895 939 1927 13781.
955 1917 993 1921 -
1006 1897 1166 1936 Dispens.
1181 1898 1218 1926 ut
1233 1904 1261 1926 s.
1277 1895 1311 1926 in
1325 1894 1473 1926 matrim.
1489 1892 1717 1925 contrahendo
1732 1893 1822 1924 inter
1834 1891 2042 1923 Raimundum
2054 1891 2240 1931 Amutrium,
2256 1891 2356 1934 lilium

755 1953 884 1994 praefati
906 1950 1084 1986 Raimundi,
1107 1954 1135 1979 et
1160 1947 1390 1983 clarmundam,
1414 1946 1512 1987 filiam
1535 1945 1684 1976 antedicti
1707 1945 1842 1976 Arnaldi
1871 1944 2112 1984 Guillelm1·..(A.
2137 1947 2187 1984 15,
2205 1945 2230 1977 f.
2247 1946 2354 1984 4⁷02

767 2006 796 2036 V.
818 2008 866 2043 71,
884 2014 937 2045 ep.
950 2006 1011 2036 499
1025 2003 1071 2043 J.)

805 2056 938 2089 13785.
957 2075 995 2081 —
1010 2057 1088 2088 ΑΜ).
1102 2061 1230 2086 monast.
1250 2055 1287 2085 B.
1304 2055 1347 2086 M.
1363 2054 1399 2085 de
1417 2054 1527 2085 Valido
1540 2055 1655 2094 Monte,
1674 2055 1895 2095 Rothomaqen.
1913 2054 1969 2092 di.,
1986 2055 2100 2086 mand.
2122 2056 2160 2086 ut
2177 2054 2356 2088 absolvant

758 2113 800 2144 ad
816 2112 982 2143 cautelam
1000 2110 1076 2141 abb.
1094 2111 1127 2140 et
1142 2118 1237 2140 conv.
1261 2110 1407 2139 monast.
1433 2108 1626 2145 Fiscanen.‚
1645 2108 1685 2140 Ο.
1700 2108 1734 2140 S.
1752 2109 1804 2146 Β.,
1820 2108 2066 2148 Rothomagen.
2091 2108 2152 2146 di.,
2167 2107 2210 2140 ab
2225 2117 2353 2141 excom.

757 2166 872 2197 forsan
887 2165 1023 2195 incursa
1046 2172 1087 2194 ex
1113 2172 1152 2194 eo
1169 2162 1258 2202 quod
1273 2161 1495 2201 acceptationi
1512 2162 1687 2201 prioratus
1703 2161 1744 2193 de
1759 2170 1786 2193 s.
1801 2161 1978 2199 Gervasio,
1997 2161 2039 2192 ad
2055 2161 2184 2193 dietum
2208 2164 2354 2195 monast.

758 2219 893 2259 pert-in„
908 2227 967 2258 per
982 2216 1204 2249 Gaucelinum
1219 2224 1265 2246 ss.
1280 2215 1471 2246 Marcellini
1490 2215 1523 2246 et
1536 2215 1630 2246 Petri
1646 2214 1760 2255 presb.
1778 2214 1881 2253 card„
1899 2215 2014 2255 vigore
2032 2214 2148 2255 gratiae
2171 2223 2268 2256 exsp.
2287 2215 2356 2256 ipsi

757 2282 816 2313 per
831 2273 958 2312 Papam
981 2271 1063 2302 olim
1085 2278 1263 2304 concessae.
1294 2270 1371 2308 post
1395 2268 1504 2308 eJusd.
1526 2268 1644 2308 gratiae
1659 2267 1926 2308 publicationem
1942 2267 2037 2299 factae
2057 2277 2094 2299 se
2110 2270 2353 2309 opposuerunt.

758 2327 811 2366 (A.
829 2327 878 2361 15,
898 2325 920 2356 f.
940 2326 999 2356 230
1014 2329 1044 2360 ²;
1067 2323 1099 2354 V.
1120 2324 1170 2359 72,
1188 2331 1240 2361 ep.
1255 2323 1340 2360 992.)

803 2376 939 2409 13786.
957 2396 992 2401 -
1007 2377 1124 2409 Gratia
1138 2385 1234 2416 exsp.
1251 2375 1361 2407 benef.
1378 2384 1405 2406 s.
1422 2384 1450 2406 0.
1471 2377 1522 2416 (30
1536 2375 1559 2406 l.
1579 2374 1839 2413 morlanorum)‚
1854 2374 1896 2405 ad
1912 2374 2025 2406 collat.
2044 2374 2113 2415 ep.i
2130 2375 2262 2415 Aquen.
2278 2383 2361 2418 per-.-

757 2433 832 2470 tin.,
854 2433 888 2463 in
911 2432 1002 2463 civit.
1020 2431 1074 2462 vel
1096 2430 1141 2461 di.
1159 2431 1303 2470 Aquen.,
1321 2428 1465 2460 Arnaldo
1488 2428 1547 2459 deu
1562 2428 1690 2469 Ber-yer,
1709 2428 1790 2460 oler.
1809 2428 1943 2468 Aqueu.
1959 2428 2006 2459 di.
2028 2445 2066 2451 ——
2079 2428 2106 2460 1.
2123 2436 2153 2459 e.
2169 2437 2215 2459 m.
2231 2428 2358 2461 Silves-

757 2488 843 2518 tren.
862 2486 1078 2519 Lascurren„
1094 2485 1127 2515 et
1153 2492 1181 2515 s.
1201 2482 1364 2514 Marciani
1387 2482 1538 2514 Aduren.
1557 2481 1732 2518 archid.is,
1757 2490 1795 2513 30
1814 2481 1967 2513 saeristae
1990 2481 2111 2513 Oscen.
2135 2481 2216 2513 0001.
2231 2481 2287 2521 (A.
2304 2483 2355 2519 15,

757 2540 781 2571 f.
796 2541 856 2571 469
871 2538 906 2576 ¹³3
926 2538 961 2569 V.
976 2540 1027 2575 72,
1043 2546 1094 2577 ep.
1112 2536 1215 2576 1549.)

803 2590 937 2621 13787.
953 2609 993 2615 —
1009 2591 1168 2630 Dispens.
1194 2598 1296 2630 super
1314 2595 1357 2620 1v⁰
1378 2589 1471 2621 affin.
1490 2589 1596 2629 gradu
1620 2592 1655 2620 ln
1675 2588 1826 2620 matrim.
1844 2587 2071 2619 contrahendo
2087 2588 2177 2619 inter
2198 2598 2229 2618 n.
2247 2598 2278 2620 v.
2295 2589 2357 2620 Ar·

756 2646 878 2677 naldum
899 2645 1053 2677 Guillelmi
1077 2644 1114 2675 de
1128 2643 1261 2674 Bearnio
1282 2643 1400 2674 d.num
1418 2643 1458 2674 de
1474 2642 1638 2674 Lasourio
1665 2643 1698 2673 et
1714 2651 1744 2673 n.
1763 2651 1803 2673 m.
1830 2639 1964 2671 Mariam
1983 2640 2090 2673 d.nam
2114 2640 2152 2672 de
2169 2640 2355 2679 Gavastone,

757 2700 893 2732 Oloren.
909 2701 942 2730 et
957 2699 1159 2730 Lascurren.
1176 2697 1221 2728 di.
1237 2697 1291 2737 (A.
1309 2698 1359 2734 15,
1376 2697 1399 2728 f.
1416 2698 1476 2728 556
1489 2695 1521 2733 Ι’;
1544 2694 1578 2726 V.
1594 2697 1645 2733 72,
1664 2703 1718 2735 ep.
1737 2696 1845 2734 1624.)

803 2750 938 2783 13788.
955 2771 993 2775 -
1010 2751 1132 2783 Collat.
1149 2759 1267 2782 canon.
1292 2750 1355 2781 sub
1373 2759 1469 2790 exsp.
1494 2749 1598 2790 praeb.
1615 2748 1696 2780 0001.
1722 2748 1870 2788 Hoyen„
1886 2747 2049 2779 Leodien.
2066 2748 2127 2785 di.,
2146 2747 2276 2778 Nicolao
2288 2747 2356 2788 filio

757 2806 868 2848 quond.
894 2805 1025 2838 Gentilis
1041 2803 1199 2841 Pasinelli,
1217 2803 1282 2834 mil.
1297 2804 1420 2834 Reatin.
1438 2821 1477 2826 -
1493 2803 1519 2834 I.
1535 2811 1563 2834 e.
1581 2811 1626 2834 m.
1646 2801 1773 2833 archid.
1791 2801 1967 2839 Leodien.,
1984 2802 2019 2832 et
2041 2800 2224 2839 Ambrosio
2238 2801 2280 2832 de
2294 2801 2354 2832 La-

757 2860 922 2900 mayrola,
939 2858 1178 2895 Mediolanen„
1199 2867 1237 2889 30
1263 2858 1411 2889 Berardo
1434 2856 1579 2893 Mathaei,
1595 2855 1731 2888 Reatin.
1755 2863 1828 2886 can.
1845 2854 1926 2886 0001.
1942 2855 1996 2894 (Α.
2014 2855 2064 2890 15,
2081 2853 2104 2885 f.
2121 2855 2177 2886 561
2195 2859 2209 2876 ⁸
2219 2863 2228 2891 ;
2249 2853 2286 2886 V.
2302 2855 2354 2890 72,

757 2922 809 2954 ep.
827 2914 935 2951 1658.)

788 3025 811 3049 1.
829 3024 871 3049 En
888 3031 985 3055 marge
1003 3023 1041 3048 du
1057 3023 1090 3049 R.
1109 3023 1143 3048 V.
1161 3023 1201 3050 70,
1217 3029 1253 3047 on
1264 3022 1300 3047 lit
1317 3027 1324 3047 :
1341 3031 1351 3045 ι
1367 3021 1481 3053 Scripta
1496 3020 1551 3045 fuit
1562 3026 1613 3052 per
1628 3025 1755 3044 errorem
1770 3018 1830 3043 haee
1847 3017 1958 3043 littera.
1977 3026 1988 3040 ι
