2626 3568
419 305 457 336 12

450 394 554 422 Datum
574 388 756 422 Avenione.

483 601 524 629 27
536 603 607 636 sept.
623 599 711 627 1319.

503 649 533 681 (v
550 644 607 672 kal.
626 644 695 677 oct.)

523 690 553 717 T.
571 690 604 723 X,
618 690 676 717 XII.

558 816 594 844 Ut
614 824 638 843 s.

558 977 593 1004 Ut
613 985 636 1004 s.

560 1031 597 1058 Ut
611 1039 635 1057 s.

520 1076 550 1103 T.
568 1076 600 1110 X,
618 1075 676 1102 XII.

559 1298 595 1326 Ut
615 1307 638 1325 s.

518 1344 549 1371 T.
566 1344 599 1377 X,
615 1343 674 1370 XII.

556 1459 592 1487 Ut
612 1468 636 1487 s.

558 1620 592 1647 Ut
612 1628 635 1647 s.

503 1666 535 1693 T.
554 1666 600 1700 xi,
620 1666 692 1693 xm.

481 1836 519 1865 28
537 1838 607 1872 sept.
626 1837 712 1865 1319.

497 1885 539 1917 (1v
555 1882 614 1909 lmI.
630 1884 699 1916 oct.)

480 2267 520 2294 29
538 2270 608 2302 sept.
626 2266 713 2294 1319.

491 2310 537 2346 (111
557 2310 614 2338 kal.
636 2311 707 2346 oct.)

520 2356 550 2382 T.
568 2356 601 2390 x,
618 2356 676 2383 xil,

456 2429 469 2455 1
485 2428 568 2464 (kal.)
583 2432 636 2456 oct.
653 2429 741 2456 1319.

557 2695 627 2724 Uts

557 2857 593 2885 Ut
613 2865 636 2885 S.

562 2963 597 2990 Ut
611 2972 634 2991 s.

543 3008 574 3035 T.
596 3008 654 3035 XX.

823 303 996 335 JOANNIS
1021 303 1139 334 PAPAE
1160 303 1262 334 XXII.
1287 305 1535 346 (1316-1384).
1559 323 1597 329 -—
1620 305 1807 336 LITTERAE
1829 304 2054 338 COMMUNES

845 495 900 526 off.
919 503 1057 526 annexae
1076 503 1135 535 per
1153 495 1235 526 obit.
1256 495 1434 527 Guillelmi
1458 495 1583 528 Marini
1607 505 1678 532 vac.
1694 513 1732 519 -
1747 496 1774 527 I.
1791 504 1820 528 e.
1836 505 1881 529 m.
1898 505 1974 538 ep.o
1997 497 2155 538 Dignen..
2170 499 2204 530 et
2215 507 2319 539 praep.
2338 506 2376 531 ac
2393 507 2445 530 sa-

844 548 956 580 cristoe
971 548 1052 580 eccl.
1069 548 1273 580 Avinionen.
1290 549 1342 588 (A.
1361 550 1409 587 13,
1429 549 1450 580 f.
1471 550 1548 588 1003
1573 549 1606 580 V.
1621 550 1672 587 70,
1694 558 1746 589 ep.
1766 549 1833 590 81.)

891 599 1025 631 10308.
1043 619 1083 624 —-
1098 601 1302 639 Lancelmeto,
1317 601 1383 643 filio
1396 601 1525 634 Jalmeti
1539 602 1576 634 de
1590 602 1741 640 Sanmite,
1758 602 1871 635 collat.
1887 611 2005 636 canon.
2022 604 2103 636 eccl.
2121 604 2220 637 Dien.
2237 605 2273 636 in
2288 614 2356 646 qua
2371 614 2444 638 cer-

844 656 900 686 tus
915 664 987 686 can.
1008 664 1170 686 numerus
1185 657 1216 687 et
1230 655 1334 696 praeb.
1353 655 1528 687 distinctio
1546 664 1612 688 non
1628 655 1806 688 habentur.
1823 674 1862 680 --
1885 656 1912 689 Ι.
1928 665 1957 688 e.
1972 665 2018 689 m.
2038 657 2145 697 priori
2162 666 2190 690 s.
2204 659 2331 691 Felicis
2347 660 2444 691 extra

845 717 961 740 muros
974 709 1161 744 Valentin.‚
1182 718 1219 740 ac
1236 709 1363 741 Poncio
1377 709 1509 748 OioniS,
1526 718 1598 742 can.
1617 709 1803 747 valentin..
1821 712 1854 741 et
1869 709 2014 750 archipr.
2032 710 2208 743 Vulteran.
2224 712 2303 744 eccl.
2317 712 2372 753 (A.
2391 714 2441 750 13,

845 762 868 793 f.
889 763 970 799 2883
994 762 1030 794 V.
1048 763 1098 800 70,
1119 771 1171 803 ep.
1187 764 1272 801 267.)

890 814 1025 846 10399.
1043 834 1080 840 -
1093 815 1238 848 'Beatrici
1252 816 1366 847 relictae
1382 817 1495 858 quond.
1515 817 1671 858 Delphini
1694 816 1849 856 Viennen.,
1868 817 1997 848 moniali
2010 823 2140 849 monast.
2162 817 2259 850 Vallis
2280 819 2442 859 Bn‘ciasci,

845 869 973 901 Cisterc.
993 870 1074 905 ord..
1097 870 1240 901 Viennen.
1255 871 1311 907 di„
1330 870 1493 911 indulget.
1513 872 1550 902 ut
1566 871 1601 902 in
1616 871 1702 902 locis
1720 871 1901 903 interdicto
1919 871 2119 912 suppositis,
2136 880 2239 912 super
2253 872 2355 905 altari
2369 882 2446 914 por-

843 923 933 955 tatili
949 924 1064 955 divina
1079 924 1190 955 valeat
1205 923 1316 955 facere
1330 923 1505 955 celebrari.
1527 923 1579 962 (V.
1596 925 1647 960 70,
1664 933 1716 964 ep.
1735 925 1822 963 327.)

890 975 1013 1006 10390
1035 975 1097 1006 bis.
1118 995 1150 1000 -
1169 977 1247 1007 Eid.
1265 977 1388 1009 induit.
1402 977 1547 1009 habendi
1568 978 1627 1009 alt.
1643 979 1766 1018 portat.
1784 977 1836 1018 (V.
1853 979 1904 1014 70,
1917 987 1970 1019 ep.
1988 979 2074 1019 328.)

890 1028 1025 1060 10400.
1045 1050 1082 1054 -
1098 1031 1293 1061 Saramando
1308 1031 1344 1061 de
1357 1031 1498 1062 Montilio
1512 1030 1674 1062 Ademarii
1686 1031 1798 1064 collat.
1816 1040 1934 1064 canon.
1954 1032 2034 1063 eccl.
2050 1032 2237 1070 valentin„
2252 1033 2286 1064 in
2300 1041 2442 1074 quaeer-

843 1086 900 1115 tus
915 1093 987 1116 can.
1008 1093 1171 1116 numerus
1191 1086 1223 1116 et
1236 1084 1339 1124 praeb.
1358 1084 1534 1116 distinctio
1552 1093 1620 1116 non
1634 1084 1801 1116 habentur
1810 1094 1819 1122 ς
1831 1094 1899 1117 non
1916 1085 2004 1117 obst.
2019 1085 2100 1117 eccl.
2117 1094 2145 1118 s.
2163 1086 2283 1118 Crucis
2298 1086 2340 1119 de
2352 1087 2445 1119 Mon·

843 1138 918 1169 tilio
940 1138 1129 1173 Ademarii,
1147 1138 1320 1170 Valentin.
1339 1138 1399 1175 di.,
1422 1138 1595 1177 clericatu,
1616 1139 1649 1170 et
1669 1138 1790 1179 capell.
1809 1147 1846 1170 ac
1862 1138 2027 1171 beneficio
2043 1139 2079 1170 in
2091 1139 2165 1171 ead.
2181 1140 2261 1172 eccl.
2277 1149 2306 1172 s.
2325 1141 2445 1174 Crucis

844 1193 895 1231 (10
910 1191 988 1222 libr.
1006 1192 1088 1230 tur.)
1104 1209 1143 1213 —
1158 1192 1185 1223 Ι.
1201 1200 1230 1223 e.
1248 1201 1292 1223 m.
1311 1191 1418 1232 priori
1435 1200 1463 1223 s.
1484 1192 1610 1223 Felicis
1633 1193 1731 1223 extra
1746 1200 1865 1223 muros
1880 1192 2068 1230 Valentia„
2087 1202 2126 1225 ac
2141 1193 2348 1234 archipresb.
2363 1195 2446 1228 Vul-

842 1247 982 1283 terran.⁷
1001 1254 1038 1276 ac
1052 1246 1176 1277 Joanni
1192 1245 1232 1276 de
1247 1245 1352 1282 Colle,
1368 1254 1440 1277 can.
1460 1245 1693 1277 Panormitan.
1711 1245 1792 1277 eccl.
1809 1245 1860 1284 (A.
1879 1247 1928 1283 13,
1945 1245 1968 1277 f.
1983 1247 2043 1278 243
2058 1245 2090 1285 ι);
2113 1246 2146 1278 V.
2168 1248 2218 1284 70,
2235 1256 2287 1288 ep.
2307 1247 2393 1288 338.)

889 1296 1024 1328 10401.
1045 1316 1083 1321 -—
1097 1298 1274 1336 Francisco‚
1293 1303 1366 1329 nato
1381 1299 1513 1330 Joanm’s
1532 1298 1655 1330 Alberti
1672 1298 1709 1329 de
1729 1298 1882 1338 Valentia,
1902 1298 2014 1331 collat.
2033 1308 2151 1332 canon.
2169 1300 2249 1332 eccl.
2266 1310 2294 1333 s.
2311 1301 2445 1342 Apolli-

843 1353 936 1384 naris
952 1353 1138 1387 Valentin„
1155 1353 1190 1383 in
1207 1362 1274 1393 qua
1286 1355 1400 1384 certus
1415 1361 1488 1384 can.
1506 1361 1671 1384 numerus
1688 1353 1721 1384 et
1737 1351 1840 1392 praeb.
1858 1352 2032 1385 distinctio
2045 1361 2114 1385 non
2129 1353 2358 1386 habentur.—
2369 1355 2397 1387 1.
2413 1364 2444 1388 e.

842 1416 887 1438 m.
907 1408 943 1438 ut
961 1415 987 1437 s.
1008 1406 1058 1445 (A.
1079 1409 1127 1442 13,
1152 1406 1174 1437 f.
1190 1408 1271 1443 2443
1296 1406 1328 1436 V.
1346 1408 1396 1442 70,
1416 1415 1469 1447 ep.
1485 1406 1571 1446 339.)
1835 1436 1837 1438 .

890 1457 1024 1490 10402.
1039 1478 1077 1483 —
1093 1459 1228 1491 Gerardo
1251 1464 1324 1490 nato
1348 1459 1569 1491 Bartholomaei
1588 1459 1725 1491 Borwini
1750 1460 1862 1492 collat.
1881 1468 2000 1492 canon.
2018 1460 2100 1493 eccl.
2117 1469 2145 1491 S.
2161 1461 2256 1493 Petri
2273 1461 2314 1494 de
2329 1462 2441 1504 Burgo

843 1514 1031 1551 Valentin.,
1048 1514 1084 1545 in
1109 1523 1175 1554 qua
1192 1515 1304 1545 certus
1320 1522 1392 1545 can.
1410 1522 1574 1545 numerus
1596 1515 1629 1545 et
1643 1513 1747 1554 praeb.
1766 1513 1941 1545 distinctio
1956 1522 2024 1545 non
2050 1513 2228 1546 habentur.
2246 1531 2286 1537 —
2305 1515 2332 1547 Ι.
2349 1524 2379 1548 e.
2396 1525 2444 1549 m.

843 1569 880 1599 ut
902 1577 929 1599 s.
945 1568 996 1606 (A.
1012 1569 1061 1606 13,
1079 1567 1101 1598 f.
1115 1569 1174 1599 300
1190 1567 1222 1603 ὓ,
1244 1567 1278 1599 V.
1295 1569 1345 1604 70,
1359 1575 1411 1607 ep.
1429 1566 1516 1604 391.)

890 1620 1024 1652 10403.
1041 1642 1078 1646 -
1097 1622 1281 1654 Gondisalvo
1294 1622 1410 1654 Garsiae
1427 1622 1463 1653 de
1477 1621 1638 1659 Carmone,
1656 1623 1736 1654 cler.
1753 1622 1902 1663 Ispalen.
1919 1622 1980 1661 di„
1997 1623 2106 1663 gratia
2123 1631 2220 1663 exsp.
2236 1623 2348 1656 benef.
2369 1633 2399 1656 c.
2414 1633 2444 1657 c.

843 1678 898 1708 vel
916 1686 943 1708 s.
961 1686 988 1709 c.
1003 1677 1057 1718 (60
1073 1677 1150 1708 libr.
1169 1677 1250 1715 tur.)
1267 1676 1303 1707 in
1324 1676 1415 1707 civit.
1433 1676 1487 1708 vel
1504 1676 1550 1708 di.
1568 1676 1732 1716 Ispalen„
1747 1676 1790 1708 ad
1805 1676 2023 1708 collationem
2039 1675 2203 1717 archiep.i
2220 1678 2343 1717 pertin.
2360 1697 2400 1702 —
2414 1678 2444 1711 1.

843 1741 872 1763 e.
891 1740 936 1764 m.
954 1732 1080 1762 decano
1099 1730 1302 1767 Corduben„
1326 1731 1359 1762 et
1376 1730 1504 1761 archid.
1527 1730 1688 1771 Ispalen.‚
1706 1739 1745 1762 ac
1771 1730 1904 1762 Simoni
1928 1730 2101 1768 Almanni,
2122 1730 2163 1762 de
2185 1730 2350 1770 Bononia,
2370 1740 2445 1764 can.

844 1785 1073 1816 Ravennaten.
1091 1784 1171 1815 eccl.
1190 1785 1241 1822 (A.
1263 1786 1312 1821 13,
1330 1783 1352 1815 f.
1371 1785 1451 1820 3213
1473 1783 1510 1815 V.
1529 1785 1580 1822 70,
1597 1792 1649 1824 ep.
1667 1783 1755 1824 557.)

890 1835 1024 1867 10404.
1042 1855 1080 1860 —
1097 1837 1250 1878 Alphonso
1267 1837 1302 1868 de
1319 1836 1463 1874 Castellu,
1477 1836 1544 1868 ΡΡ.
1559 1847 1639 1878 cap„
1658 1837 1698 1868 de
1708 1846 1827 1868 canon.
1844 1839 1877 1869 et
1889 1836 1991 1877 praeb.
2003 1837 2084 1869 eccl.
2102 1836 2271 1869 Parisien.
2287 1845 2349 1878 per
2361 1837 2444 1871 obit.

843 1892 1006 1924 Grimerii
1030 1892 1071 1923 de
1095 1891 1280 1928 Placentia,
1303 1891 1337 1922 S.
1354 1891 1395 1922 A.
1422 1899 1508 1930 cap„
1527 1892 1614 1922 auct.
1635 1890 1700 1922 litt.
1718 1892 1827 1930 apost.
1845 1890 2023 1930 provisum
2038 1890 2115 1926 fuit,
2129 1890 2211 1922 licet
2231 1890 2292 1922 iid.
2310 1891 2445 1924 cuidam

844 1946 942 1977 alteri
959 1945 1000 1976 ab
1016 1954 1092 1985 ep.o
1107 1944 1274 1976 Parisien.
1294 1944 1409 1976 collati
1431 1944 1590 1982 fuissent,
1610 1944 1669 1975 sed
1682 1944 1900 1984 postmodum
1917 1945 2128 1984 compertum
2144 1945 2196 1976 est
2209 1945 2300 1984 quod
2314 1953 2394 1983 non,
2408 1948 2446 1979 ut

843 2000 877 2030 in
895 1999 1047 2039 praefatis
1064 1999 1130 2029 litt.
1149 1998 1285 2035 dicitur,
1310 2007 1352 2029 ex
1377 1998 1488 2029 collat.
1506 1997 1658 2037 praedicti
1675 1997 1743 2037 ep.i
1759 1998 1820 2028 sed.
1842 2006 1884 2029 ex
1900 1998 2012 2029 collat.
2033 1997 2187 2037 ,iudicum
2211 1999 2445 2038 executor-um,

843 2054 883 2085 de
899 2053 1008 2093 gratia
1027 2053 1094 2092 ipsi
1113 2052 1201 2083 facta
1215 2060 1275 2091 per
1291 2052 1323 2083 S.
1343 2053 1384 2083 A.
1404 2051 1516 2091 quoad
1531 2060 1650 2082 canon.
1666 2051 1698 2082 et
1711 2051 1815 2091 praeb.
1832 2051 1913 2083 cccl.
1930 2051 2098 2083 Parisien.
2112 2059 2184 2083 vac.
2198 2051 2254 2083 vel
2266 2053 2375 2085 vacat.
2388 2053 2445 2085 de·

842 2108 1050 2147 putatorum,
1063 2107 1143 2137 illos
1158 2107 1336 2137 assecutus
1350 2105 1472 2136 fuerat.
1485 2106 1644 2136 Decernit
1657 2104 1762 2145 igitur
1772 2105 1839 2136 ΡΡ.
1851 2105 2011 2145 praefatas
2023 2105 2158 2136 litteras
2169 2105 2259 2137 dIcto
2269 2105 2445 2146 Alphonso

843 2169 1022 2192 concessas
1046 2161 1082 2191 in
1098 2159 1257 2191 omnibus
1285 2160 1318 2190 et
1347 2167 1408 2199 per
1433 2159 1548 2190 omnia
1568 2167 1667 2190 veras
1697 2158 1857 2196 existere,
1890 2167 2004 2190 errore
2033 2158 2196 2198 praedicto
2229 2167 2445 2200 nequaquam

843 2214 1010 2246 obstante.
1027 2214 1080 2254 (V.
1099 2215 1147 2250 70,
1162 2221 1215 2253 ep.
1237 2215 1301 2252 16.)

889 2265 1022 2297 10405.
1043 2286 1079 2290 -
1098 2266 1256 2307 Philippo,
1274 2270 1348 2297 nalo
1372 2265 1502 2297 loannis
1527 2266 1603 2297 dicti
1622 2265 1760 2296 Visconte
1782 2265 1819 2305 de
1840 2265 1944 2301 Surie,
1971 2265 2050 2303 mil„
2077 2265 2306 2296 ambassiatoris
2330 2266 2445 2307 reqinae

845 2322 957 2363 Cypri,
976 2322 1089 2353 collat.
1114 2329 1232 2352 canon.
1252 2319 1316 2351 sub
1339 2329 1436 2360 exsp.
1463 2319 1567 2360 praeb.
1588 2319 1668 2351 eccl.
1692 2319 1842 2360 Paphen.
1861 2338 1899 2342 -
1915 2319 1942 2350 Ι.
1961 2328 1990 2351 e.
2011 2328 2058 2350 m.
2077 2319 2318 2360 Famagustan.
2336 2321 2370 2352 et
2383 2319 2446 2352 Ni—

842 2376 986 2407 mocien.
1009 2375 1108 2415 ep.iS,
1130 2383 1167 2406 ac
1184 2374 1327 2406 Nicolao
1344 2374 1506 2414 Capociae,
1523 2382 1596 2405 can.
1613 2373 1801 2405 Virdunen.
1819 2373 1872 2414 (A.
1888 2374 1937 2410 13,
1949 2373 1970 2404 f.
1985 2374 2065 2411 299;
2087 2371 2122 2403 V.
2140 2373 2192 2410 70,
2208 2381 2260 2413 ep.
2277 2373 2366 2413 381.)

889 2426 1023 2458 10406.
1052 2445 1087 2452 —
1105 2427 1293 2465 Rossolinus,
1314 2428 1353 2460 O.
1371 2428 1409 2459 F.
1426 2428 1471 2458 M.
1491 2435 1654 2467 expresse
1679 2426 1871 2467 professus,
1890 2426 2060 2464 sacerdos,
2077 2425 2262 2466 praeficitur
2278 2427 2314 2457 in
2329 2435 2446 2468 epum

842 2484 983 2523 Regen.,
1004 2491 1064 2522 per
1089 2481 1349 2514 translationem
1374 2481 1468 2512 Petri
1498 2481 1540 2512 ad
1569 2480 1899 2520 archiepiscopatum
1926 2481 2058 2520 Aquen.
2083 2496 2121 2502 -
2135 2480 2162 2511 I.
2184 2487 2213 2510 e.
2229 2488 2276 2511 m.
2293 2488 2397 2521 praep.
2411 2482 2445 2513 et

843 2537 956 2576 capit.,
973 2536 1064 2567 univ.
1085 2535 1245 2566 vassallis
1264 2535 1344 2566 eccl.
1360 2535 1504 2575 Regen.;
1524 2534 1685 2572 Roberto,
1705 2534 1777 2574 regi
1793 2533 1931 2566 Siciliae.
1949 2533 2001 2572 (A.
2022 2535 2072 2571 13,
2090 2532 2113 2563 f.
2133 2534 2171 2568 4;
2195 2533 2231 2564 V.
2246 2534 2297 2570 70,
2313 2542 2368 2574 ep.
2384 2535 2443 2571 203

842 2589 963 2627 Eubel,
989 2599 1035 2629 op.
1056 2589 1121 2626 cit„
1139 2590 1164 2620 t.
1179 2589 1220 2627 V,
1239 2598 1272 2628 p.
1289 2589 1358 2627 176,
1375 2597 1410 2619 n.
1428 2590 1508 2626 379;
1527 2587 1689 2625 Amantes,
1711 2586 1816 2618 Gallia
1830 2586 2008 2618 Christiana
2024 2586 2200 2624 novissima,
2219 2587 2244 2618 t.
2256 2587 2284 2624 1,
2300 2586 2444 2626 col-390,

844 2644 916 2675 doc.
933 2643 1077 2682 XXXI.)

890 2693 1025 2725 10407.
1043 2714 1082 2719 -
1106 2695 1219 2727 Carolo
1242 2696 1308 2736 reqi
1328 2695 1497 2736 Ilunqariae
1517 2694 1703 2727 hortatoria
1720 2695 1758 2726 ut
1778 2693 2008 2734 Augustinum
2029 2702 2144 2733 epum
2161 2693 2359 2734 Zagrabien.
2372 2695 2446 2726 tan-

844 2759 947 2791 quam
971 2750 1186 2781 innocentem
1205 2751 1405 2781 excusatum
1431 2748 1564 2780 habeat.
1581 2748 1635 2789 (A.
1650 2749 1699 2785 13,
1712 2747 1735 2778 f.
1756 2749 1814 2780 139
1831 2747 1864 2786 ¹³5
1889 2747 1922 2778 V.
1941 2748 1993 2785 70,
2011 2755 2064 2787 ep.
2081 2748 2122 2779 45
2133 2756 2144 2783 ;
2160 2747 2319 2786 Theiner,
2335 2747 2446 2778 Monu-

843 2808 947 2834 menta
962 2802 1120 2834 Historica
1135 2802 1313 2843 Hunqariae,
1330 2803 1354 2834 t.
1373 2802 1401 2840 Ι,
1418 2811 1450 2842 p.
1467 2804 1539 2839 464,
1557 2802 1630 2833 doc.
1646 2801 1794 2840 DCCII.)

890 2854 1025 2886 10408.
1046 2874 1084 2880 -—
1104 2856 1242 2897 Quinque
1264 2855 1434 2893 ecclesien„
1452 2855 1586 2887 Boznen.
1605 2859 1634 2885 et
1651 2854 1818 2885 Tirnovien
1838 2854 1903 2895 ep.i
1921 2854 2046 2886 dantur
2059 2854 2098 2886 ut
2114 2853 2247 2894 Judices
2267 2862 2445 2886 conserva·

843 2913 935 2942 tores
951 2919 1027 2950 ep.o
1045 2912 1077 2942 et
1092 2910 1193 2949 capit.
1211 2909 1407 2949 Zagrabien.
1430 2909 1480 2947 (A.
1503 2911 1549 2945 13,
1570 2908 1592 2939 f.
1609 2910 1649 2944 8,
1672 2908 1708 2939 V.
1727 2909 1778 2946 70,
1796 2917 1848 2949 ep.
1870 2908 1937 2948 48.)

890 2961 1023 2993 10409.
1043 2982 1081 2987 —
1097 2962 1278 2995 Relaxatio
1299 2962 1453 3002 septimae
1471 2961 1581 3002 partis
1607 2962 1766 3002 injunctae
1793 2961 1999 3002 poenitentiae
2023 2969 2085 3001 pro
2103 2959 2359 2992 assumentibus
2377 2959 2444 2992 fra·

843 3018 1039 3049 ternitatem
1070 3025 1157 3057 mag.
1177 3018 1209 3048 et
1230 3016 1325 3047 fratr.
1351 3015 1532 3056 hospitalis
1549 3024 1576 3047 s.
1591 3015 1733 3047 Joannis
1751 3016 1791 3047 de
1817 3015 2017 3055 Altopassu‚
2035 3014 2151 3055 eisque
2175 3014 2208 3045 et
2226 3021 2342 3045 eorum
2359 3022 2444 3045 nun-

2606 1134 2626 1852 *m QxfflnM-M..fflaem»m.&masan-..mum-.-....-...
2619 1036 2626 1122 μαι-..ΔΗ
2624 1007 2626 1018 ,.
2624 980 2626 986 .
2617 947 2626 956 -.Ᾰ
2620 918 2623 919 =
2623 858 2626 894 Α...
2621 833 2626 839 i
2618 766 2626 811 ...u
2620 744 2626 755 -.
2622 696 2626 727 Η...
2623 668 2626 676 .,
