2626 3568
237 438 341 466 Datum
359 431 543 466 Avenione.

217 540 453 577 2(v1non.)oct.
470 539 558 567 4319.

344 755 386 791 ¹Ut
406 763 429 783 s.

349 915 386 943 Ut
403 923 427 942 s.

317 960 347 987 T.
364 959 460 987 XVIII.

346 1075 383 1102 Ut
398 1082 422 1102 ε.

341 1233 378 1261 Ut
398 1242 421 1261 s.

293 1277 324 1304 T.
341 1278 387 1312 XI,
407 1277 479 1305 XIII.

340 1500 377 1528 Ut
401 1509 425 1530 S.

344 1768 381 1796 Ut
398 1776 423 1796 s.

343 2196 380 2224 Ut
396 2204 420 2223 s.

312 2240 344 2267 T.
359 2240 453 2268 XXVI.

343 2356 380 2384 Ut
399 2364 423 2383 s.

207 2460 228 2487 3
242 2460 272 2495 (v
291 2463 371 2495 non.)
392 2465 444 2489 oct.
469 2461 558 2490 1349.

290 2505 321 2532 r.
342 2506 388 2540 x1,
406 2507 479 2535 xm.

346 2673 382 2701 Ut
397 2681 422 2701 s.

283 2717 316 2744 T.
332 2717 391 2752 XII,
411 2717 484 2747 XIV.

607 344 780 376 JOANNIS
804 344 922 375 PAPAE
944 344 1046 375 XXII.
1071 345 1318 383 (1316-1334).
1341 362 1380 367 —
1402 344 1588 374 LITTERAE
1611 343 1836 375 COMMUNES
2193 346 2230 375 15

675 533 808 565 10433.
826 555 865 559 -
884 536 1047 567 Guillelmo
1061 536 1218 577 archiepo
1231 535 1383 566 senonen.
1401 535 1577 575 ampliatio
1592 535 1715 566 indulti
1730 535 1817 566 alias
1830 535 1872 566 ad
1886 535 2059 567 triennum
2076 538 2228 567 concessi

628 590 666 620 ut
684 598 745 621 sex
768 590 878 629 ipsius
898 590 979 621 cler.
998 590 1174 621 domestici
1190 598 1299 629 usque
1317 589 1359 620 ad
1381 589 1474 620 aliud
1493 589 1679 620 triennium
1697 588 1826 620 fructus
1848 588 1959 620 benef.
1984 598 2124 620 suorum
2143 598 2170 621 c.
2199 599 2227 621 c.

629 642 758 683 absque
784 643 969 674 residentia
992 643 1166 682 percipere
1193 643 1336 682 possint.
1354 660 1393 664 —
1406 643 1432 672 Ι.
1451 651 1478 673 e.
1501 651 1546 672 m.
1566 650 1594 672 s.
1616 642 1795 674 Genovefae
1811 642 1993 679 Parisien.,
2010 643 2043 674 et
2057 643 2229 674 Columhae

626 695 724 735 juxta
741 696 902 732 Senonas,
929 705 967 727 ac
994 704 1021 726 s.
1040 696 1135 727 Petri
1152 695 1232 726 Vivi
1248 695 1415 726 Senonen.
1433 696 1579 726 monast.
1596 694 1672 726 abb.
1691 695 1742 733 (A.
1761 696 1810 732 13,
1829 694 1852 725 f.
1868 697 1925 732 443
1948 696 1984 726 V.
2002 697 2051 733 70,
2071 705 2123 736 ep.
2142 697 2228 734 301.)

675 746 810 778 10434.
830 767 867 772 --
884 748 962 779 Eid.
982 748 1144 788 ampliato
1160 748 1295 785 indulti,
1314 748 1400 779 alias
1419 748 1461 778 ad
1479 748 1750 788 quinquennium
1766 749 1930 786 concessi,
1951 750 2165 781 reconciliari
2182 750 2228 781 fa-

629 802 739 834 ciendi
753 811 813 842 per
827 802 932 833 alium
951 802 1159 833 sacerdotem
1174 802 1247 832 loca
1263 801 1450 832 ecclesiast.
1462 801 1600 838 violata,
1613 810 1721 841 usque
1736 802 1778 832 ad
1791 802 1884 833 aliud
1897 802 2095 834 triennium.
2110 803 2163 844 (A.
2178 805 2227 841 13,

628 855 651 886 f.
668 857 725 891 46,-
753 855 787 885 V.
802 856 852 892 70,
870 863 923 894 ep.
941 855 1027 893 303.)

673 904 807 936 10435.
826 926 861 931 -
878 907 956 938 Abb.
975 912 1105 937 monast.
1121 917 1145 939 ε.
1165 906 1312 938 Germani
1325 907 1361 938 de
1377 908 1482 937 Pracis
1502 917 1601 949 prope
1623 908 1765 938 Parisius
1789 909 1901 940 mand.
1921 911 1958 940 ut
1974 909 2095 941 liberet
2110 911 2229 950 praefa-

625 962 698 992 tum
725 960 933 1000 archiep.um
950 970 969 991 a
986 960 1156 991 solutione
1177 962 1256 992 3000
1282 960 1343 991 lib.
1360 961 1538 1000 parisien„
1555 970 1574 992 a
1592 961 1751 1001 Philippo
1767 962 2016 1001 praedecessore
2032 971 2094 994 suo
2110 965 2227 995 mutuo

625 1015 847 1053 receptarum.
867 1014 920 1053 (A.
938 1016 987 1051 13,
1004 1014 1027 1045 f.
1043 1015 1084 1045 48
1090 1024 1100 1050 3
1122 1014 1157 1045 V.
1171 1016 1221 1051 70,
1236 1023 1288 1054 ep.
1305 1014 1390 1053 306.)

671 1064 807 1096 10436.
822 1086 860 1091 —
879 1067 1041 1099 Guillelmo
1054 1068 1212 1108 archiep.o
1227 1068 1381 1098 Senonen.
1397 1067 1498 1099 facul.
1513 1068 1709 1100 conferendi
1725 1068 1925 1100 decanatum
1939 1069 2018 1100 eccl.
2035 1070 2075 1100 de
2088 1069 2229 1110 Compa-

624 1120 704 1158 laio,
722 1121 888 1152 Senonen.
904 1121 964 1157 di.,
980 1122 1096 1162 vigore
1113 1122 1250 1153 constit.
1266 1130 1374 1161 nuper
1390 1122 1488 1153 editae
1504 1130 1607 1161 super
1622 1122 1746 1162 plural.
1761 1122 1872 1154 benef.
1891 1131 1975 1161 vac„
1989 1131 2143 1162 personae
2161 1124 2229 1164 ipsi

623 1173 804 1206 benevisae.
821 1175 874 1214 (A.
894 1177 943 1213 13,
961 1175 984 1206 f.
1001 1176 1058 1212 48;
1080 1175 1116 1207 V.
1137 1176 1186 1213 70,
1205 1184 1257 1215 ep.
1277 1175 1362 1214 307.)

670 1225 806 1257 10437.
834 1247 872 1251 -
898 1228 1072 1260 Bertrando
1095 1228 1247 1267 Marcelli,
1264 1229 1368 1270 priori
1383 1229 1541 1270 prioratus
1564 1229 1601 1259 de
1625 1229 1778 1267 Bernitio,
1795 1229 1830 1260 0.
1848 1230 1884 1261 S.
1904 1230 1957 1267 B.,
1970 1229 2151 1261 Nemausen.
2170 1230 2228 1268 di.,

623 1282 733 1322 gratia
748 1290 844 1322 exsp.
860 1283 1045 1322 prioratus,
1061 1283 1116 1314 vel
1139 1282 1347 1320 administr.,
1361 1284 1419 1314 aut
1432 1283 1500 1320 off„
1516 1291 1576 1314 seu
1587 1283 1698 1314 benef.
1717 1292 1745 1314 c.
1758 1292 1787 1314 c.
1803 1284 1855 1314 vel
1871 1292 1899 1314 s.
1917 1292 1945 1314 c.
1964 1284 2006 1314 ad
2018 1284 2130 1316 collat.
2150 1283 2227 1315 abb.

623 1336 656 1367 et
672 1344 767 1367 conv,
785 1337 931 1367 monast.
951 1337 992 1368 de
1008 1345 1036 1367 s.
1055 1336 1204 1376 AEgidio‚
1224 1337 1262 1368 O.
1280 1336 1314 1368 S.
1336 1337 1389 1373 B.,
1406 1337 1611 1368 Nemausen.
1630 1337 1689 1373 di.,
1704 1345 1781 1367 cum
1798 1336 2004 1377 obligatione
2021 1337 2229 1369 antedictum

623 1389 813 1429 prioratum
832 1389 1039 1421 dimittendi.
1056 1406 1096 1412 —
1112 1391 1140 1422 I.
1158 1398 1187 1422 e.
1205 1399 1250 1421 m.
1267 1391 1368 1422 Petro
1387 1390 1427 1421 de
1445 1390 1641 1427 Vidilhano,
1657 1390 1877 1427 Nemausen„
1894 1392 1927 1422 et
1941 1391 2064 1422 Joanni
2081 1391 2121 1422 de
2135 1392 2228 1423 Mon·

623 1443 720 1474 lauro
736 1452 773 1474 ac
787 1443 913 1475 Jacobo
930 1444 971 1475 de
989 1443 1168 1484 Claperiis‚
1185 1444 1397 1484 Magalonen.
1419 1452 1491 1475 can.
1509 1444 1589 1475 eccl.
1608 1444 1660 1484 (A.
1680 1445 1729 1481 13,
1750 1444 1772 1475 f.
1792 1445 1870 1480 3023
1891 1444 1924 1475 V.
1943 1446 1993 1482 70,
2005 1453 2058 1485 ep.
2071 1445 2159 1484 402.)

669 1493 804 1526 10438.
827 1515 866 1519 -
881 1497 1014 1528 Roberto
1038 1497 1074 1528 de
1099 1496 1210 1538 Croisy
1232 1497 1345 1529 collat.
1369 1506 1487 1529 canon.
1505 1498 1585 1529 eccl.
1605 1498 1643 1529 B.
1666 1498 1711 1528 M.
1729 1497 1961 1535 Andeliacen.,
1979 1498 2224 1539 Rothomagen.

624 1549 685 1587 di.,
712 1549 775 1581 sub
795 1559 892 1591 exsp.
916 1550 1021 1590 praeb.
1046 1551 1175 1582 consid.
1201 1551 1343 1582 Joannis
1365 1551 1543 1582 Belvacen.
1565 1551 1645 1591 ep.i,
1670 1552 1767 1592 cujus
1789 1552 1841 1582 est
1860 1551 2228 1592 consanguineus3non

624 1603 711 1635 obst.
730 1604 866 1643 paroch.
895 1604 975 1636 eccl.
995 1605 1035 1636 de
1058 1604 1193 1643 Corbia,
1211 1605 1457 1644 Rothomagen.
1473 1605 1519 1635 di.
1535 1622 1575 1627 —-
1588 1605 1615 1636 I.
1640 1614 1668 1636 e.
1687 1614 1732 1635 m.
1752 1614 1840 1645 mag.
1861 1605 2048 1637 Guillelmo
2068 1605 2108 1636 de
2125 1605 2225 1641 Rivo,

624 1657 825 1688 cancellario
851 1657 1043 1694 Belvacen.,
1061 1659 1094 1689 et
1117 1658 1282 1690 Gervasio
1307 1659 1347 1689 de
1362 1659 1484 1696 Busco,
1511 1658 1750 1695 Silvanecten.,
1778 1667 1815 1689 ac
1834 1658 1984 1690 Oliverio
2005 1659 2046 1689 de
2062 1658 2224 1698 Capellis,

623 1710 825 1742 Noviomen.
842 1720 916 1742 can.
934 1711 1014 1743 0001.
1036 1711 1088 1749 (A.
1109 1714 1157 1749 13,
1172 1711 1196 1743 f.
1213 1713 1270 1749 803
1293 1712 1329 1743 V.
1346 1713 1397 1749 70,
1413 1721 1467 1751 ep.
1484 1713 1570 1750 410.)

671 1761 804 1793 10439.
825 1765 952 1795 —Abb.
978 1770 1107 1796 monast.
1125 1776 1149 1796 s.
1167 1764 1311 1796 Germani
1322 1765 1358 1795 de
1374 1765 1481 1795 Pratis
1489 1775 1589 1806 prope
1604 1765 1744 1795 Parisius
1759 1765 1873 1797 mand.
1891 1767 1928 1797 ut
1953 1765 2133 1805 compellat
2149 1775 2223 1797 exe-

625 1819 758 1849 cutores
783 1819 979 1850 testamenti
1001 1819 1153 1859 Philippi
1183 1819 1346 1859 archiep.i
1373 1819 1539 1850 Senonen.
1564 1819 1607 1850 ad
1632 1819 1833 1850 solvendum
1851 1819 2070 1850 medietatem
2085 1820 2146 1851 600
2164 1819 2224 1850 111).

624 1872 690 1903 tur.
711 1872 849 1910 (floreno
865 1873 939 1904 auri
955 1881 1015 1912 pro
1033 1882 1052 1902 x
1071 1873 1192 1904 solidis
1211 1874 1242 1904 et
1258 1883 1290 1903 v1
1311 1873 1461 1904 denariis
1478 1873 1575 1904 dictae
1596 1873 1740 1904 monetae
1767 1873 1985 1912 computato),
2011 1881 2072 1912 per
2086 1873 2228 1904 Guillel-

624 1933 718 1956 mum
734 1925 841 1965 ejusd.
857 1925 1008 1966 Philippi
1027 1934 1260 1957 successorem
1277 1926 1478 1964 solutarum,
1497 1928 1534 1957 ut
1550 1926 1656 1957 moris
1672 1927 1735 1963 est,
1750 1934 1812 1966 pro
1827 1926 2022 1957 visitatione
2036 1926 2069 1958 S.
2088 1927 2128 1958 A.
2161 1927 2227 1957 sin-

624 1979 714 2019 gulis
728 1978 878 2010 bienniis
896 1979 1062 2010 facienda.
1079 1980 1200 2011 Dictus
1218 1980 1309 2011 enim
1326 1980 1509 2019 Philippus
1536 1989 1612 2010 cum
1628 1979 1752 2011 dictam
1778 1979 1901 2011 Sedem
1926 1980 2119 2011 visitaverit
2138 1988 2226 2011 anno

623 2043 759 2070 mcccxv,
788 2034 865 2072 post
887 2033 1084 2073 hujusmodi
1108 2033 1342 2064 visitationem
1364 2042 1424 2073 per
1448 2042 1575 2064 annum
1602 2033 1771 2073 integrum
1791 2033 1927 2073 praefuit
1944 2033 2094 2065 ecclesiae
2111 2042 2228 2073 supra-

625 2086 722 2117 dictae
751 2088 784 2118 et
810 2086 941 2118 fructus
959 2087 1111 2127 percepit
1117 2097 1126 2123 ;
1157 2088 1356 2118 executores
1372 2088 1486 2118 tamen
1503 2088 1578 2126 ejus
1596 2086 1720 2118 dictam
1739 2087 1957 2118 medietatem
1973 2095 2035 2126 pro
2055 2087 2121 2118 isto
2139 2096 2226 2119 anno

624 2139 757 2171 solvere
773 2141 1019 2171 contradicunt.
1045 2141 1096 2179 (A.
1117 2142 1166 2175 13,
1186 2140 1209 2172 f.
1230 2141 1287 2172 183
1303 2140 1317 2162 b
1328 2150 1338 2178 3
1362 2140 1398 2172 V.
1418 2142 1467 2179 70,
1488 2149 1540 2180 ep.
1557 2142 1646 2180 444.)

669 2190 804 2222 10440.
827 2211 867 2216 --
885 2193 1048 2225 Guillelmo
1066 2194 1225 2234 archiep.o
1253 2194 1406 2225 Senonen.
1424 2194 1524 2225 facul.
1545 2194 1732 2234 recipiendi
1748 2202 1767 2224 a
1780 2203 1812 2224 1v
1832 2194 1925 2229 cler.‚
1940 2193 2051 2233 ipsius
2067 2194 2226 2225 domesti-

624 2247 685 2284 cis,
712 2247 876 2287 resignat.
905 2247 1016 2279 benef.
1043 2256 1086 2279 ex
1111 2257 1213 2279 causa
1232 2248 1496 2288 permutationis
1518 2256 1578 2288 per
1595 2253 1653 2279 eos
1668 2247 1830 2278 faciendae
1848 2247 2004 2287 dictaque
2020 2247 2131 2279 benef.
2151 2256 2227 2279 con-

624 2301 766 2332 ferendi.
784 2301 836 2340 (A.
856 2303 904 2338 13,
923 2301 945 2332 f.
964 2302 1022 2333 183
1041 2301 1074 2339 Β,
1097 2301 1133 2332 V.
1152 2303 1202 2337 70,
1219 2310 1271 2341 ep.
1286 2302 1373 2342 445.)

671 2351 804 2383 10441.
822 2371 860 2377 -
880 2354 956 2385 Eid.
977 2355 1078 2386 facul.
1099 2355 1262 2386 visitandi
1279 2364 1341 2395 per
1353 2354 1466 2395 {alium
1482 2355 1523 2386 ad
1540 2354 1809 2394 quinquennium
1827 2354 1873 2385 di.
1892 2355 1925 2385 et
1940 2354 2151 2394 provinciam
2168 2355 2227 2387 Se-

623 2416 745 2440 nonen.
765 2408 801 2439 in
816 2408 941 2448 quibus
955 2417 1022 2439 non
1037 2408 1203 2439 habentur
1220 2409 1385 2448 hospicia.
1403 2426 1441 2430 —
1462 2408 1500 2439 In
1517 2417 1546 2439 e.
1566 2417 1611 2439 m.
1629 2409 1666 2439 ut
1687 2417 1728 2445 s.‚
1747 2416 1779 2438 n.
1800 2409 1908 2439 10433.
1927 2407 1982 2447 (V.
2003 2409 2052 2445 70,
2072 2417 2123 2447 ep.
2143 2409 2226 2445 714.)

670 2458 805 2490 10442.
832 2480 870 2484 -
887 2461 1051 2493 Guillelmo
1076 2461 1212 2497 Itbaudi,
1229 2471 1320 2493 mon.
1339 2463 1484 2493 monast.
1502 2462 1542 2493 de
1558 2470 1587 2492 s.
1608 2461 1743 2501 AEgidio
1760 2461 1798 2493 O.
1819 2461 1852 2492 S.
1870 2461 1922 2498 B.,
1939 2461 2147 2492 Nemausen.
2166 2461 2225 2498 di.,

623 2515 732 2556 gratia
746 2523 842 2555 exsp.
862 2515 1044 2555 prioratus,
1061 2515 1166 2556 dign,
1187 2524 1248 2546 seu
1264 2516 1332 2553 off„
1351 2515 1406 2546 vel
1421 2515 1532 2547 benef.
1549 2524 1576 2546 c.
1591 2524 1619 2546 0.
1634 2515 1688 2545 vel
1706 2523 1733 2545 s.
1753 2523 1780 2546 c.
1798 2523 1859 2554 per
1874 2523 1964 2545 mon.
1984 2514 2065 2545 dicti
2081 2515 2224 2545 monast.

623 2568 700 2609 gub.
719 2569 884 2606 consueti,
904 2569 996 2609 (801.
1016 2570 1067 2608 t.).
1086 2586 1124 2590 —
1145 2569 1171 2599 I.
1188 2578 1216 2600 e.
1235 2578 1279 2600 m.
1297 2569 1430 2600 Pacano
1445 2568 1543 2599 Fulci
1558 2569 1590 2599 et
1606 2567 1732 2600 Jacobo
1748 2568 1788 2598 de
1805 2567 1982 2607 ClaperiiS‚
2001 2566 2226 2606 Magalonen„

623 2622 656 2654 et
671 2623 772 2654 Petro
788 2622 828 2653 de
841 2622 1037 2665 Vidilhano,
1053 2623 1263 2654 Nemausen.
1282 2622 1362 2654 eccl.
1381 2631 1454 2653 can.
1471 2622 1526 2662 (A.
1544 2623 1593 2659 13,
1611 2621 1633 2652 f.
1648 2622 1702 2657 733
1726 2620 1759 2652 V.
1783 2622 1833 2658 70,
1851 2629 1903 2660 ep.
1920 2620 2005 2658 248.)

668 2672 803 2704 10443.
823 2693 861 2699 -
884 2675 1028 2706 Carbone
1050 2675 1087 2706 de
1106 2675 1330 2716 Montelupone,
1347 2675 1449 2715 Papae
1473 2684 1560 2715 cap„
1582 2674 1695 2706 collat.
1720 2682 1837 2705 canon.
1859 2673 1922 2704 sub
1946 2681 2040 2712 exsp.
2065 2672 2169 2712 praeb.
2194 2674 2227 2704 et

622 2729 854 2768 praepositurae
881 2729 960 2761 eccl.
987 2729 1173 2766 Valentin„
1202 2738 1269 2761 non
1295 2728 1381 2761 obst.
1406 2729 1442 2759 in
1461 2728 1608 2768 Ispalen.
1630 2727 1818 2764 scolastria,
1835 2735 1953 2758 canon.
1970 2726 2002 2757 et
2023 2725 2126 2765 praeb.
2149 2735 2226 2757 cum

622 2782 868 2822 praestimoniis
894 2784 927 2814 et
949 2783 1277 2823 praestimonialibus
1300 2782 1527 2822 portionibus,
1542 2781 1578 2812 in
1601 2780 1792 2812 Corduben.
1809 2779 1889 2811 eccl.
1908 2787 2025 2810 canon.
2047 2778 2111 2810 sub
2127 2788 2222 2820 exsp.

623 2834 726 2874 praeb.
744 2837 776 2867 et
792 2835 883 2876 dign.
902 2845 942 2868 ex
957 2845 1053 2876 prov.
1068 2836 1102 2868 S.
1120 2837 1176 2874 Α.,
1194 2836 1290 2876 cujus
1314 2837 1429 2876 vigore
1446 2834 1678 2875 praestimonia
1694 2834 1726 2865 et
1744 2832 2029 2873 praestimoniales
2050 2833 2225 2873 portiones

623 2896 695 2919 vac.
716 2897 776 2928 per
797 2889 1023 2928 privationem
1039 2889 1172 2921 Guterii
1189 2889 1349 2922 Roderici
1366 2888 1563 2929 acceptavit,
1581 2887 1661 2919 licet
1675 2887 1717 2917 ad
1730 2887 1764 2918 S.
1782 2886 1822 2918 A.
1840 2885 1881 2917 ab
1894 2894 1969 2925 ep.o
1985 2886 2176 2918 Corduben.
2192 2887 2224 2918 et

624 2940 828 2981 quibusdam
846 2941 953 2982 ejusd.
970 2943 1051 2974 eccl.
1071 2951 1143 2974 can.
1162 2943 1203 2974 de
1219 2942 1448 2982 acceptatione
1464 2940 1659 2982 hujusmodi
1677 2940 1780 2971 fuerit
1796 2939 2004 2979 appellatum
2033 2957 2071 2962 ——-
2086 2940 2112 2971 Ι.
2133 2949 2162 2971 e.
2178 2949 2223 2971 m.

624 3002 699 3034 ep.0
725 2994 920 3032 Dertusen„
938 2996 970 3026 et
987 2995 1062 3027 abb.
1091 2997 1237 3027 monast.
1258 2996 1298 3027 de
1314 3004 1341 3026 s.
1360 2996 1504 3032 Donato,
1521 2993 1689 3034 Eugubin.
1707 2993 1765 3030 di.,
1786 3001 1823 3024 ac
1837 2993 1967 3024 Simoni
1984 2993 2166 3025 Alamanni
2183 2994 2223 3024 de

623 3047 787 3086 Bononia,
804 3056 876 3079 can.
894 3049 1125 3080 Ravennaten.
1144 3049 1199 3089 (A.
1219 3050 1267 3083 13,
1285 3049 1308 3079 f.
1326 3050 1385 3080 334
1398 3048 1428 3086 b;
1452 3048 1485 3079 V.
1499 3049 1549 3085 70,
1568 3056 1620 3087 ep.
1638 3047 1722 3085 554.)
