2566 3562
437 345 689 377 APPENDICES
712 346 768 377 AD
790 345 976 383 QUINTUM
1000 348 1196 380 BULLARII
1217 349 1391 381 JOANNIS
1414 350 1505 381 XXII
1526 350 1686 382 ANNUM.
1712 368 1752 374 —
1772 351 2012 392 (1316-1334)
2187 354 2247 385 375

248 544 349 571 Datum
369 539 549 572 Avenione.

289 593 326 621 18
340 593 396 628 feb.
416 592 504 621 1321.

219 640 278 672 (xn
293 638 351 665 kal.
370 637 471 671 mart.)
486 646 513 665 a.
526 637 573 665 V0.

208 754 248 782 21
266 754 320 788 feb.
341 753 429 786 1321,
445 753 505 781 ind.
523 753 582 781 iva

251 1292 357 1319 Datum
382 1287 541 1321 Coesenae.

227 1341 274 1369 Die
286 1340 389 1368 xxma
403 1339 457 1374 seb.
471 1339 572 1375 ponti-

210 1386 310 1419 ficatus
325 1385 388 1413 dati
399 1385 489 1413 nostri
498 1392 524 1412 a.
540 1384 583 1413 V·.

290 1607 330 1635 28
344 1606 399 1641 seb.
420 1606 507 1634 1321.

240 2038 344 2066 Datum
373 2032 558 2067 Avenione.

211 2087 235 2115 3
250 2087 279 2122 (v
299 2090 379 2121 non.)
399 2090 482 2115 mart.
498 2086 587 2115 1321.

277 2247 316 2275 21
333 2250 417 2275 mart.
435 2247 522 2275 1321.

250 2517 355 2544 Datum
372 2510 554 2545 Avenione.

275 2565 318 2593 22
333 2569 416 2594 mart.
437 2565 525 2594 1321.

232 2609 279 2646 (xx
295 2609 354 2637 kal.
371 2617 446 2645 apr.‚
467 2617 494 2637 a.
513 2609 571 2645 V0).

365 2671 402 2699 Ut
418 2680 441 2699 s.

370 2884 403 2911 Ut
425 2893 448 2912 s.

688 535 822 568 14359.
842 557 880 562 -
893 540 1042 571 Joannes
1057 541 1150 580 Papa
1163 541 1264 573 XXII
1278 541 1416 574 mandat
1432 542 1617 574 Guillelmo
1634 542 1794 575 Sabinen.
1812 552 1899 583 epo,
1916 544 1951 575 in
1968 544 2137 584 Hispania
2152 543 2193 575 A.
2212 543 2246 575 S.

642 591 765 632 legato,
781 594 818 624 ut
834 593 875 624 ad
901 593 1087 624 sedandam
1114 594 1373 633 dissentionem,
1397 604 1471 636 quae
1495 596 1670 627 occasione
1696 596 1800 627 officii
1824 596 1939 628 tutelae
1962 597 2130 637 Alphonsi
2156 597 2247 637 regis

642 645 798 676 Castellae
815 654 852 677 ac
866 646 1100 688 assumptione
1117 647 1266 679 nominis
1283 649 1405 680 tutoris
1422 649 1575 680 noscitur
1594 650 1799 685 excrevisse,
1818 650 1970 681 studium
1987 652 2018 681 et
2035 659 2173 690 operam
2191 650 2248 681 ad-

641 698 766 730 hibeat.
783 698 882 739 (Oriq.
894 709 1005 740 per9.;
1020 708 1051 731 n.
1073 701 1116 739 7.)

688 748 822 781 14360.
840 770 879 775 -
894 753 1162 784 Instrumentum
1187 754 1365 786 continens
1386 755 1636 795 depositionem
1653 756 1814 796 Mengoti,
1833 756 1987 796 gardiani
2008 757 2047 788 Ο.
2065 757 2103 788 F.
2126 757 2170 788 Μ.
2188 757 2244 788 do-

641 814 717 836 mus
735 806 881 845 Spiren.,
900 806 1016 837 contra
1032 806 1171 838 fratrem
1187 807 1409 839 Franciscum
1426 808 1467 839 de
1481 808 1599 846 Lutra¹
1623 809 1682 849 qui
1698 817 1781 840 suus
1797 809 1908 841 fuerat
1926 809 2085 841 subditus
2101 811 2134 842 et
2158 818 2247 842 nunc

642 858 683 889 ab
702 858 841 890 Emicho
858 859 989 899 Spiren.
1020 868 1095 899 ep.o
1113 860 1147 891 in
1165 860 1293 900 palatio
1318 869 1391 898 suo,
1411 860 1475 892 sub
1498 861 1571 901 eJus
1594 862 1815 902 protectione,
1835 864 1991 902 receptus
2018 864 2069 894 est
2080 872 2089 900 ;
2118 872 2248 894 necnon

641 911 727 942 duas
744 911 877 943 litteras
897 912 979 943 dicti
1002 913 1189 950 Francisci‚
1206 913 1242 944 in
1266 913 1391 953 quibus
1409 913 1492 945 dicit
1512 924 1528 944 «
1547 923 1584 946 se
1602 914 1802 954 prophetam
1827 923 1915 953 esse,
1936 925 1952 945 i>
1970 917 2002 946 et
2021 924 2143 947 arcana
2166 917 2246 947 eccl.

641 964 813 996 catholicae
835 965 870 995 in
893 973 930 996 se
947 965 1095 1004 sentire3
1112 966 1161 998 uti
1177 966 1370 1006 privilegiis
1395 968 1504 1007 apost.
1527 976 1603 999 esse
1626 968 1827 1008 impugnare
1853 968 2033 1000 veritatem
2048 968 2138 1006 vitae,
2157 971 2246 1000 etc...

641 1027 702 1057 pro
725 1018 850 1058 quihus
877 1019 1096 1050 defensandis
1121 1028 1157 1051 se
1173 1021 1275 1051 morti
1297 1020 1447 1060 exponit.
1472 1021 1557 1052 Acta
1578 1030 1639 1061 per
1664 1021 1843 1053 Albertum
1868 1022 1908 1053 de
1936 1021 2036 1063 Ryle,
2061 1022 2189 1054 dictum
2205 1023 2246 1054 de

642 1071 795 1109 Colonia,
813 1071 907 1110 cler.‚
925 1071 1100 1112 publicum
1119 1074 1208 1104 auct.
1224 1073 1394 1113 imperiali
1410 1075 1493 1112 not„
1512 1074 1548 1105 in
1564 1074 1664 1106 domo
1681 1075 1822 1115 antiqua
1839 1084 1912 1115 quae
1930 1075 2054 1107 dicitur
2067 1076 2173 1116 Stupa
2188 1075 2248 1108 Ni-

641 1133 701 1164 gra
718 1124 861 1156 fratrum
878 1125 1049 1156 Minorum
1067 1126 1213 1166 Spiren.,
1231 1135 1318 1158 anno
1339 1135 1406 1167 quo
1433 1136 1548 1167 supra,
1571 1136 1632 1158 xx1
1650 1127 1703 1159 die
1722 1128 1852 1159 mensis
1876 1128 1960 1160 febr.
1976 1137 2050 1169 quae
2069 1128 2134 1160 fuit
2149 1130 2184 1160 in
2201 1129 2249 1160 vi-

641 1177 724 1218 gilia
737 1178 894 1210 Katedrae
915 1178 1020 1217 Petri,
1053 1178 1136 1210 hora
1159 1188 1392 1220 vesperarum.
1418 1180 1516 1222 (Oriq.
1542 1191 1628 1222 per-q.
1649 1180 1771 1223 lonqum
1790 1181 1886 1212 tribus
1906 1182 1999 1223 petiis
2024 1181 2151 1213 insimul
2172 1183 2250 1213 sutis

641 1235 785 1262 constans
799 1242 805 1263 ε
822 1240 855 1263 n.
871 1233 912 1270 8;
928 1232 1113 1272 Raynaldi,
1129 1232 1266 1264 Annales
1281 1233 1479 1265 ecclesiastici
1491 1234 1532 1265 ad
1544 1244 1659 1265 annum
1673 1236 1764 1273 1321,
1778 1235 1793 1276 ξ
1809 1235 1917 1276 ΧΙΧ.)

688 1282 823 1314 14361.
842 1303 881 1308 -
906 1286 1111 1326 Aymericus
1132 1286 1172 1318 de
1188 1287 1407 1324 Castrolucii,
1431 1289 1541 1319 rector
1565 1288 1811 1326 Romandiolae,
1828 1288 1947 1320 scribit
1976 1289 2018 1320 ad
2043 1289 2250 1322 Gasbertum

642 1347 757 1378 ep.um
775 1339 978 1377 Massilien.‚
1007 1339 1108 1379 Papae
1130 1341 1369 1376 camerarium,
1393 1341 1434 1372 de
1461 1343 1552 1373 statu
1577 1342 1760 1381 provinciae
1785 1342 2019 1374 Romandiolae
2037 1345 2069 1374 et
2086 1344 2126 1374 de
2141 1343 2248 1384 gestis

641 1392 843 1430 Bononien.‚
862 1393 1088 1431 Caesenatum,
1107 1393 1311 1431 Ariminen„
1327 1394 1538 1432 Estensium,
1556 1395 1791 1435 Guelphorum
1809 1397 1840 1427 et
1854 1396 2140 1434 Ghibellinorum,
2162 1397 2250 1428 Pan-

642 1445 761 1485 dulphi
779 1446 820 1476 de
836 1446 1039 1481 Malatestis,
1058 1446 1273 1488 aliorumque
1289 1447 1684 1480 tiramnorum.—Dorso
1699 1448 1812 1490 [θρίων
1830 1460 1835 1480 ;
1853 1450 2052 1482 Reverendo
2062 1450 2096 1481 in
2114 1450 2248 1482 Christo

641 1499 729 1538 patri
748 1499 826 1530 d.no
844 1500 963 1530 nostro
983 1499 1062 1531 d.no
1080 1500 1134 1537 G„
1159 1501 1223 1532 Dei
1245 1501 1354 1541 gratia
1370 1501 1559 1533 Massilien.
1585 1511 1672 1542 ep.o‚
1695 1503 1767 1534 d.ni
1790 1503 1899 1534 nostri
1925 1504 2025 1544 Papae
2050 1504 2248 1535 camerario.

643 1551 741 1593 (Oriq.
759 1561 868 1593 per9.;
886 1561 919 1583 n.
937 1553 982 1592 9.)

689 1602 825 1635 14362.
843 1623 882 1629 -
895 1606 1100 1646 Aymericus
1118 1607 1158 1638 de
1175 1607 1379 1639 Castrolucii
1398 1608 1525 1639 archid.
1545 1609 1768 1649 Transvigen.
1785 1610 1821 1641 in
1841 1609 1920 1642 eccl.
1946 1610 2131 1648 Turonen.‚
2150 1611 2250 1651 Papae

643 1667 730 1698 cap„
746 1659 929 1699 provinciae
956 1660 1192 1692 Romandiolae
1209 1661 1242 1692 et
1259 1661 1443 1693 comitatus
1460 1662 1660 1693 Brittenorii
1678 1664 1710 1694 et
1727 1663 2012 1703 pertinentiarum
2031 1663 2105 1704 ejus
2123 1665 2244 1702 rector,

642 1713 779 1745 mandat
807 1713 977 1753 regimini,
1002 1713 1146 1745 consilio
1163 1715 1196 1746 et
1221 1715 1393 1746 communi
1410 1715 1502 1747 civit.
1519 1715 1724 1754 Ariminen„
1741 1717 1780 1748 E.
1799 1717 1839 1749 R.
1860 1717 2030 1754 fidelibus,
2048 1719 2084 1749 ut
2103 1717 2247 1755 solvant,

643 1765 731 1796 infra
748 1775 790 1797 xv
805 1766 891 1804 dies,
908 1766 1039 1797 talliam
1058 1768 1115 1799 150
1131 1767 1285 1808 equitum
1304 1769 1337 1799 et
1352 1770 1432 1800 3000
1447 1769 1599 1809 peditum
1615 1769 1784 1801 firmatam
1803 1771 1838 1801 in
1854 1770 2066 1811 parlamento
2083 1771 2248 1802 Britteno-

643 1819 687 1850 rii
703 1819 884 1858 celebrato,
905 1820 1035 1851 scilicet
1053 1829 1223 1852 summam
1243 1822 1324 1853 4294
1340 1821 1399 1853 lib.
1416 1823 1450 1854 et
1465 1823 1484 1854 5
1508 1823 1571 1854 sol.
1588 1822 1783 1862 bononien„
1807 1832 1868 1864 pro
1890 1825 2036 1864 quatuor
2060 1824 2249 1856 mensibus.

642 1873 769 1904 Datum
786 1873 933 1905 Coesenae
950 1882 1037 1905 anno
1054 1875 1144 1910 1321,
1161 1874 1347 1906 indictione
1368 1885 1401 1906 1v
1416 1881 1440 1913 ²,
1462 1876 1680 1916 pontificatus
1696 1877 1716 1908 J
1720 1877 1839 1908 oannis
1855 1877 1954 1917 Papae
1970 1878 2071 1909 XXII
2091 1886 2178 1909 anno
2203 1881 2250 1916 νο,

643 1926 697 1958 die
720 1926 842 1958 ultima
867 1926 1042 1958 februarii.
1062 1946 1098 1950 —
1116 1927 1214 1958 Dorso
1241 1927 1354 1969 leqitur
1374 1938 1380 1958 2
1400 1929 1463 1960 Die
1489 1930 1649 1961 mercurii
1668 1940 1701 1960 x1
1722 1931 1837 1962 martii
1864 1931 2075 1971 praesentatae
2096 1931 2245 1962 fuerunt.

642 1979 740 2021 (Oriq.
759 1979 952 2011 chartaceum
968 1989 1101 2021 parvum
1117 1991 1184 2011 cum
1197 1981 1313 2023 siqneto
1330 1983 1422 2013 curiae
1435 1982 1510 2013 dicei
1526 1984 1651 2014 rectoris
1659 1993 1669 2020 ς
1688 1993 1720 2014 n.
1739 1985 1803 2023 10.)

691 2030 824 2063 14363.
842 2051 880 2057 -
897 2034 1045 2065 Joannes
1058 2035 1151 2075 Papa
1164 2035 1265 2066 XXII
1280 2044 1369 2076 mag.
1389 2036 1577 2068 Guillelmo
1593 2037 1634 2068 de
1650 2037 1800 2073 Balaeto,
1819 2038 1942 2069 rectori
1964 2037 2057 2069 civit.
2080 2039 2251 2070 Beneven-

643 2088 728 2124 tan.‚
746 2087 928 2118 committit
944 2088 1154 2119 exactionem
1169 2088 1308 2120 decimae
1318 2089 1422 2120 trium
1442 2089 1659 2121 residuorum
1674 2099 1852 2129 annorum,
1866 2091 1900 2122 in
1910 2100 2012 2132 regno
2027 2091 2152 2123 Siciliae
2166 2091 2251 2123 citra

643 2141 781 2176 Farum,
801 2149 862 2180 per
876 2140 909 2172 S.
927 2141 967 2172 A.
987 2141 1030 2172 ad
1047 2149 1109 2172 sex
1126 2150 1233 2173 annos
1248 2151 1309 2182 pro
1327 2141 1482 2174 subsidio
1497 2143 1610 2175 Terrae
1626 2144 1756 2176 Sanctae
1773 2144 1953 2184 impositae.
1969 2144 2068 2185 (Oriq.
2084 2154 2196 2186 per9.;
2214 2143 2252 2175 de

645 2203 728 2230 cur-‚3
744 2202 777 2224 n.
795 2194 857 2232 11.)

691 2243 826 2276 14364.
840 2265 878 2270 -
895 2246 1033 2279 Nobilis
1049 2247 1242 2287 Dalphinus
1260 2248 1354 2280 fillus
1370 2249 1442 2280 d.ni
1457 2249 1576 2281 Jacohi
1588 2250 1627 2282 de
1645 2259 1672 2281 s.
1685 2251 1825 2288 Joanne,
1844 2251 2046 2282 domicellus
2063 2251 2103 2282 de
2125 2251 2252 2283 Monte-

647 2300 783 2339 populo‚
802 2300 1068 2340 recognitionem
1086 2301 1165 2333 fecit
1184 2310 1220 2333 se
1239 2302 1280 2333 ab
1298 2302 1444 2340 Andrea,
1463 2312 1538 2343 ep.o
1556 2303 1783 2344 Magalonen.‚
1796 2304 1871 2344 Jure
1890 2304 1982 2336 feudi
2002 2306 2117 2336 tenere
2138 2305 2252 2336 doma-

645 2353 703 2384 nia
724 2362 798 2393 quae
820 2353 920 2385 hahet
942 2354 978 2385 in
1003 2354 1186 2386 Villanova
1206 2364 1311 2395 prope
1334 2356 1549 2397 Magalonem
1572 2358 1605 2389 et
1627 2357 1662 2388 in
1681 2359 1792 2389 castro
1817 2358 1984 2398 Melgorii,
2005 2357 2196 2398 praesertim
2215 2367 2252 2389 111

645 2406 719 2437 loca
734 2415 808 2446 quae
824 2408 987 2438 vocantur
1002 2407 1110 2439 Maria
1125 2408 1215 2439 infra
1227 2409 1505 2448 jurisdictionem
1524 2411 1604 2442 dicti
1623 2411 1738 2442 castri.
1754 2412 1876 2443 Actum
1893 2411 2039 2443 Trecalli
2055 2420 2115 2451 per
2137 2411 2252 2443 Domi-

648 2459 763 2490 nicum
779 2459 952 2491 Catherini
968 2461 1151 2492 notarium.
1170 2460 1271 2502 (Oriq.
1285 2471 1294 2499 ;
1309 2471 1341 2493 n.
1361 2464 1423 2502 12.)

693 2509 828 2542 14365.
845 2530 883 2535 -
906 2513 1055 2544 Joannes
1072 2513 1167 2553 Papa
1189 2514 1288 2545 XXII
1315 2515 1381 2545 sibi
1406 2517 1556 2547 reservat
1573 2517 1654 2548 eccl.
1675 2517 1833 2555 Januen.,
1856 2518 2095 2558 quoquomodo
2115 2526 2253 2549 vacave-

646 2566 701 2596 rit.
720 2565 819 2606 (Oriq.
834 2575 924 2606 perq.
940 2574 949 2603 ;
969 2566 1005 2596 de
1021 2575 1085 2599 cur.
1100 2576 1109 2602 ;
1127 2575 1159 2597 n.
1179 2567 1242 2606 13.)

694 2669 827 2702 14366.
845 2691 882 2695 —-
908 2673 1056 2704 Joannes
1075 2673 1169 2712 Papa
1187 2674 1286 2704 XXII
1306 2674 1443 2705 mandat
1461 2683 1549 2714 mag.
1565 2675 1750 2706 Guillelmo
1770 2676 1810 2706 de
1828 2676 1978 2713 Balaeto,
1997 2676 2124 2707 archid.
2150 2677 2254 2708 Foro-

645 2726 780 2766 julien„
800 2726 993 2766 Campaniae
1018 2726 1266 2766 Maritimaeque
1294 2727 1429 2764 rectori,
1457 2736 1529 2766 cap.
1554 2736 1628 2765 suo,
1653 2730 1690 2759 ut
1713 2728 1895 2768 apraelatis
1913 2729 2009 2769 regni
2027 2729 2153 2761 Siciliae
2169 2730 2255 2761 citra

648 2780 774 2810 Farum
788 2779 902 2820 exigat
919 2779 1099 2819 pecuniam
1115 2779 1292 2811 collectam
1306 2780 1346 2811 de
1364 2780 1494 2811 decima
1517 2789 1536 2811 a
1559 2781 1732 2812 Clemente
1746 2782 1838 2822 Papa
1853 2783 1882 2813 V
1899 2791 1959 2821 pro
1982 2782 2136 2814 subsidio
2155 2784 2254 2814 terrae

649 2833 774 2864 sanctae
789 2833 961 2872 imposita.
980 2832 1082 2874 (Oriy.
1099 2842 1209 2874 per9.;
1224 2833 1260 2863 de
1271 2843 1359 2870 σατις
1376 2843 1409 2864 n.
1425 2835 1487 2872 14.)

694 2883 828 2915 14367.
849 2887 1048 2918 -Joannes
1074 2887 1166 2926 Papa
1188 2887 1288 2918 XXII
1311 2887 1448 2919 mandat
1472 2887 1611 2926 praefato
1642 2888 1765 2919 rectori
1791 2889 1828 2919 ut
1850 2889 2031 2928 pecuniam
2053 2889 2255 2929 supradictae

649 2939 787 2971 decimae
803 2940 977 2971 collectam
997 2941 1030 2970 et
1046 2940 1271 2980 colligendam
1286 2941 1417 2972 mutuet
1433 2940 1581 2972 Roberto
1603 2941 1673 2981 regi
1689 2941 1814 2973 Siciliae
1837 2944 1869 2972 et
1886 2943 2008 2973 Carolo
2029 2942 2256 2983 primogenito

650 3001 724 3029 suc,
742 2993 818 3024 duci
841 2993 1018 3031 Calabriae,
1044 3002 1081 3024 ac
1099 2993 1209 3033 ipsius
1237 2993 1272 3024 in
1298 3002 1400 3033 regno
1424 2993 1551 3026 Siciliae
1574 2994 1701 3026 vicario
1725 2995 1887 3034 generali,
1905 3004 1966 3035 pro
1991 2996 2256 3027 necessitatibus
