2566 3562
253 426 356 453 Datum
374 419 555 454 Avenione.

216 536 237 564 2
254 539 297 572 (iv
320 536 399 568 non.)
417 535 475 564 dec.
497 520 586 564 4'320.

302 581 333 608 Τ.
354 581 427 615 xm,
442 580 500 608 xv,

363 749 399 776 Ut
413 757 436 776 s.

308 793 339 820 T.
359 793 406 826 XI,
426 793 497 820 XIII.

361 1014 397 1042 Ut
417 1022 440 1041 s.

308 1058 340 1086 T.
356 1057 403 1092 XI,
420 1057 494 1085 XIII.

212 1225 234 1253 3
250 1225 299 1262 (111
319 1225 401 1258 non.)
419 1225 479 1254 dec.
497 1225 585 1254 1320.

303 1270 334 1297 Τ.
356 1270 402 1304 XI,
418 1270 490 1297 XIII.

359 1492 394 1520 Ut
413 1502 426 1521 s

335 1537 365 1565 T.
383 1537 461 1566 LXX.

221 2346 240 2375 a
255 2351 288 2384 (11
304 2348 383 2381 non.)
400 2348 458 2376 dec.
476 2348 565 2377 1320.

337 2393 368 2421 T.
389 2393 446 2421 XX.

357 2613 393 2641 Ut
413 2622 436 2641 S.

323 2658 354 2685 T.
371 2658 465 2686 XXVI.

353 2879 389 2906 Ut
409 2887 434 2906 s.

341 2923 372 2950 T.
390 2923 447 2951 XX.

615 332 789 364 JOANNIS
813 332 930 364 PAPAE
952 333 1054 363 XXII.
1077 333 1326 374 (1316-1334).
1349 350 1388 355 -
1410 332 1596 363 LITTERAE
1619 331 1843 363 COMMUNES
2185 335 2246 365 219

691 530 826 563 12690.
843 551 882 556 -
897 534 990 564 Petro
1006 534 1104 564 Rocas
1118 541 1212 572 prov.
1226 532 1361 572 paroch.
1377 532 1458 563 6661.
1472 532 1513 563 (16
1529 532 1747 567 Blancaforti,
1763 532 1923 563 Tolosan.
1938 533 1998 569 di.,
2010 532 2132 572 (25111).
2147 533 2242 573 tun),

646 595 720 627 quae
729 586 799 627 jam
818 586 886 626 ipsi
901 587 1012 618 fuerat
1027 595 1088 626 per
1099 587 1264 617 Joannem
1279 585 1571 625 archiepiscopum
1585 585 1758 621 Tolosam,
1771 594 1879 625 usque
1893 585 1935 616 ad
1950 585 1983 618 S.
1997 586 2038 617 A.
2051 585 2244 626 beneplaci-

645 641 731 676 tum,
747 640 942 671 commissa.
962 658 1000 663 —
1017 640 1044 671 I.
1063 647 1092 670 6.
1110 648 1156 670 111.
1179 638 1315 670 scolast.
1335 638 1597 676 petragoricen„
1620 639 1653 669 et
1670 638 1822 669 sacristae
1837 638 2092 677 Montisalbani,
2109 648 2148 671 ac
2164 641 2242 672 Ber·

644 693 750 724 nardo
766 693 806 723 de
821 692 1037 730 Monteclaro,
1050 701 1123 723 can.
1138 692 1298 723 Tolosan.
1315 691 1394 722 eccl.
1411 691 1464 731 (A.
1481 692 1530 726 14,
1546 691 1569 721 f.
1587 691 1644 722 150
1659 696 1686 727 ³3
1709 691 1745 722 V.
1764 693 1813 726 71,
1829 700 1881 731 ep.
1896 692 1983 731 226.)

690 742 824 775 12691.
844 763 881 768 -
903 745 1034 785 Roqerio
1052 744 1208 775 Leonardi
1231 744 1266 774 de
1279 744 1379 774 Diana
1405 744 1492 775 conf.
1517 752 1634 775 canon.
1659 744 1740 775 eccl.
1757 744 1974 779 Salernitan.‚
1993 745 2028 776 in
2043 754 2110 785 qua
2127 748 2240 778 certus

644 806 717 830 can.
735 806 897 829 numerus
915 797 1059 837 etpraeb.
1078 797 1253 828 distinctio
1273 805 1340 827 non
1351 795 1528 832 habentur,
1547 795 1610 826 sub
1634 805 1730 835 exsp.
1749 795 1984 828 benef.saecul.
2003 806 2031 828 6.
2047 807 2074 828 6.
2095 799 2148 830 ν61
2170 807 2198 830 s.
2212 808 2241 831 c.

644 852 696 890 (20
711 859 788 882 unc.
805 850 905 889 auri),
929 850 1052 890 pertin.
1072 850 1113 881 ad
1131 849 1244 881 collat.
1261 849 1330 888 ep.i
1345 850 1378 880 et
1399 849 1499 888 capit.
1516 848 1719 880 Salernitan.
1740 849 1775 879 in
1790 848 1882 879 civit.
1900 850 1954 880 vel
1969 850 2016 880 di.
2036 850 2239 883 salernitan.

643 921 682 927 —
698 904 726 935 Ι.
744 912 773 935 6.
790 912 834 934 m.
857 912 884 934 s.
907 903 1082 934 Benedicti
1111 902 1329 939 salernitan„
1349 903 1382 933 et
1404 910 1432 934 s.
1451 902 1546 932 Petri
1570 902 1611 932 (16
1635 901 1756 938 Ebulo,
1778 901 1982 933 salernitan.
2011 903 2069 939 di.,
2095 907 2241 936 monast.

643 956 732 993 abb.‚
753 965 790 987 ac
808 957 908 988 Petro
923 956 1118 993 Brancacio,
1135 964 1207 987 can.
1218 955 1450 995 Neapolitan.‚
1466 955 1567 994 Papae
1583 963 1654 994 cap.
1665 954 1719 995 (A.
1732 956 1779 989 15,
1796 954 1820 985 f.
1833 955 1893 986 502
1908 960 1939 991 ³,
1958 955 1989 985 V.
2001 957 2051 992 72,
2067 965 2119 996 ep.
2138 959 2243 998 1636.)

689 1007 823 1038 12692.
842 1027 880 1032 -
908 1010 990 1040 Ead.
1008 1009 1117 1049 gratia
1135 1009 1168 1039 in
1188 1008 1267 1040 eccl.
1285 1008 1516 1048 Caputaquen.
1541 1007 1576 1038 in
1594 1016 1660 1047 qua
1677 1009 1789 1039 certus
1806 1016 1879 1038 can.
1898 1016 2060 1039 numerus
2081 1011 2113 1040 et
2137 1010 2238 1049 praeb.

642 1063 816 1095 distInctio
831 1071 899 1094 non
912 1062 1080 1094 habentur
1092 1062 1185 1093 Petro
1201 1061 1327 1092 Notat-ii
1343 1061 1503 1092 Francisci
1519 1060 1556 1092 de
1574 1060 1683 1092 mano.
1702 1079 1740 1084 —
1754 1061 1782 1092 Ι.
1798 1069 1827 1092 e.
1845 1069 1892 1092 111.
1904 1060 1980 1092 abb.
1997 1062 2038 1093 (16
2057 1062 2240 1099 Cuntrono‚

642 1117 675 1148 et
693 1115 838 1156 archipr.
870 1116 911 1147 de
940 1115 1063 1153 Diano,
1091 1115 1295 1147 Salernitan.
1324 1115 1383 1150 di.,
1402 1123 1440 1146 ac
1469 1123 1542 1147 can.
1573 1113 1779 1154 supradicto.
1807 1114 1859 1155 (A.
1885 1115 1934 1152 15,
1958 1114 1982 1145 f.
2001 1115 2062 1146 502
2078 1114 2113 1151 b3
2138 1115 2170 1147 V.
2189 1118 2239 1154 70,

642 1178 695 1210 ep.
713 1169 818 1210 1637.)

689 1220 823 1252 12693.
843 1241 882 1246 -
904 1223 1025 1255 Collat.
1043 1222 1179 1262 paroch.
1199 1231 1227 1253 s.
1245 1221 1396 1262 Remigii
1420 1230 1524 1261 prope
1543 1221 1742 1258 Tihernum,
1766 1221 2016 1253 Claromonten.
2043 1221 2103 1259 di.,
2119 1231 2179 1262 per
2194 1223 2243 1254 di-

643 1276 844 1308 missionem
862 1285 881 1307 a
904 1276 1064 1307 Durando
1090 1275 1248 1307 Manhani
1263 1275 1362 1315 juxta
1376 1276 1530 1306 tenorem
1545 1275 1718 1306 constitut.
1736 1282 1839 1314 super
1862 1274 1988 1314 plural.
2004 1274 2115 1307 benef.
2135 1285 2243 1316 nuper

643 1330 742 1361 editae
758 1329 881 1361 factam
907 1338 991 1366 vac„
1016 1328 1176 1360 Bernardo
1203 1328 1309 1359 Fabri.
1326 1345 1365 1350 —
1379 1329 1407 1359 I.
1431 1336 1461 1360 e.
1481 1337 1526 1359 m.
1547 1327 1623 1359 abb.
1640 1328 1786 1359 monast.
1805 1327 1846 1359 de
1863 1327 2022 1366 Thierno‚
2046 1328 2243 1361 Claromon-

642 1384 711 1415 ten.
740 1383 800 1420 di.,
815 1384 848 1415 et
866 1383 967 1414 Petro
989 1382 1030 1414 de
1057 1383 1238 1423 Nogareto,
1257 1381 1495 1422 Burdegalen.,
1516 1390 1553 1412 36
1578 1381 1680 1413 Petro
1708 1381 1887 1419 Bonifacii‚
1914 1381 2146 1413 Constantien.
2167 1391 2240 1414 can.

643 1436 724 1469 eccl.
742 1437 795 1476 (A.
817 1438 866 1473 14,
885 1436 908 1467 f.
927 1437 985 1467 122
1002 1435 1035 1473 ¹³3
1056 1435 1092 1474 V.
1110 1437 1161 1473 71,
1179 1444 1232 1476 ep.
1251 1436 1334 1474 198.)

689 1487 822 1519 12694.
837 1508 875 1513 —
892 1490 979 1530 Ep.o
1010 1489 1174 1520 Viterbien.
1193 1493 1221 1520 et
1239 1488 1306 1519 abb.
1322 1492 1452 1519 monast.
1479 1498 1503 1518 s.
1521 1488 1678 1519 Anastasii
1700 1487 1735 1518 de
1765 1487 1843 1518 Urbe
1862 1488 1976 1519 mand.
2001 1489 2038 1519 ut
2061 1488 2164 1520 citent
2181 1490 2242 1521 Be-

642 1543 780 1575 rardum
806 1544 846 1575 de
875 1543 1087 1583 Montenigro
1117 1543 1200 1574 olim
1220 1542 1292 1574 ord.
1310 1543 1348 1574 F.
1376 1542 1434 1578 M.,
1451 1543 1483 1573 et
1509 1550 1597 1573 nunc
1625 1550 1686 1581 pro
1715 1541 1791 1572 abb.
1812 1542 1956 1572 monast.
1985 1550 2031 1573 ss.
2048 1542 2192 1573 Andreae
2208 1543 2241 1574 et

641 1597 779 1638 Georgii
797 1597 832 1628 in
846 1597 1064 1628 Clivoscauro
1080 1596 1120 1627 de
1137 1595 1227 1628 Urbe
1245 1595 1288 1627 ad
1305 1595 1346 1627 R.
1365 1596 1404 1626 E.
1422 1595 1517 1626 nullo
1533 1595 1644 1626 medio
1665 1595 1802 1635 pertin„
1819 1595 1857 1627 O.
1875 1594 1907 1625 S.
1926 1594 1979 1632 B.,
1996 1603 2031 1625 se
2055 1596 2239 1635 gerentem,

641 1652 678 1683 ut
702 1650 793 1682 infra
819 1650 904 1682 duos
926 1658 1063 1682 menses
1084 1650 1191 1689 apost.
1211 1648 1406 1689 conspectui
1429 1657 1465 1680 se
1482 1649 1672 1688 praesentet,
1690 1656 1919 1688 responsurus
1932 1656 2036 1688 super
2053 1649 2240 1688 propositis

641 1705 757 1736 contra
785 1713 873 1741 eum,
893 1704 1051 1735 videlicet
1071 1703 1161 1743 quod
1177 1713 1199 1734 11
1216 1702 1412 1734 molendina
1433 1702 1545 1742 ipsius
1564 1703 1709 1733 monast.
1728 1701 1855 1741 absque
1873 1701 2075 1733 necessitate
2091 1701 2240 1733 alienare

641 1758 776 1798 aliaque
802 1757 891 1788 bona
906 1757 1095 1797 dilapidare
1111 1756 1331 1796 praesumpsit
1352 1757 1384 1787 et
1399 1755 1497 1795 plura
1512 1755 1665 1786 enormia
1680 1754 1810 1786 scelera
1824 1754 1997 1786 commisit
2014 1756 2152 1794 propter
2165 1764 2240 1795 quae

640 1819 700 1851 per
713 1811 878 1843 Joannem
904 1819 1019 1850 ep.um
1044 1810 1220 1850 Nepesin.,
1242 1809 1310 1840 PP.
1326 1809 1361 1839 in
1387 1808 1477 1840 Urbe
1503 1808 1681 1843 vicarium,
1702 1807 1767 1839 fuit
1782 1807 1823 1839 ab
1840 1807 1951 1847 ipsius
1966 1809 2111 1839 monast.
2135 1808 2240 1839 admi·

641 1865 740 1896 nistr.
759 1872 960 1904 suspensus,
984 1872 1050 1903 quo
1067 1872 1134 1895 non
1149 1863 1236 1894 obst.
1257 1863 1322 1895 tria
1338 1863 1449 1893 castra
1463 1861 1545 1892 dicti
1561 1862 1706 1892 monast.
1724 1861 1882 1892 videlicet
1898 1869 1925 1892 s.
1944 1860 2114 1901 Gregorii,
2131 1861 2240 1892 Casae-

639 1917 786 1949 corbulae
802 1919 834 1949 et
854 1917 1048 1948 Fustiniani
1069 1916 1104 1947 in
1127 1916 1286 1947 manibus
1309 1915 1486 1955 cujusdam
1503 1914 1629 1946 nobilis
1645 1914 1771 1954 posuit,
1785 1915 1818 1946 et
1840 1914 1920 1945 6661.
1945 1923 1973 1945 s.
1988 1915 2182 1946 Fortunatae
2199 1914 2240 1945 de

639 1971 752 2003 Sutrio
779 1972 812 2002 et
828 1979 855 2002 s.
869 1969 1006 2010 Georgii
1025 1970 1066 2001 de
1090 1969 1232 2001 Flaiano
1252 1970 1432 2000 consuetas
1458 1977 1519 2008 per
1542 1976 1632 1999 mon.
1647 1969 1779 1999 tantum
1794 1967 1876 1998 dicti
1893 1969 2038 1998 monast.
2058 1967 2240 2007 gubernari

639 2024 804 2064 apostatis
821 2023 964 2055 contulit
992 2023 1033 2055 de
1051 2025 1196 2054 monast.
1216 2031 1243 2053 s.
1266 2022 1441 2053 Laurentii
1456 2023 1553 2053 extra
1570 2029 1687 2053 muros
1703 2020 1818 2058 Urbis,
1831 2021 1960 2061 judicio
1976 2021 2012 2052 S.
2028 2021 2084 2057 A.,
2110 2020 2238 2060 eJectis,

639 2079 672 2110 et
687 2078 827 2109 fratrem
842 2078 981 2108 Petrum
994 2077 1035 2108 de
1052 2076 1172 2113 Toffia,
1185 2076 1385 2107 monachum
1405 2075 1487 2106 dicti
1504 2076 1649 2106 monast.
1671 2083 1718 2106 ss.
1735 2074 1877 2106 Andreae
1893 2076 1927 2105 et
1953 2073 2121 2114 Gregorii,
2139 2083 2239 2113 quem

639 2132 824 2163 conventus
841 2132 873 2162 et
890 2130 1052 2171 praefatus
1067 2130 1216 2161 vicarius
1231 2138 1331 2170 super
1346 2128 1536 2169 praemissis
1550 2129 1591 2159 ad
1607 2128 1641 2159 S.
1658 2129 1699 2160 A.
1718 2127 1981 2164 destinaverant,
1994 2126 2093 2166 ,iuxta
2115 2127 2240 2158 dictam

638 2184 777 2222 Urbem,
792 2184 862 2224 jam
879 2184 914 2215 in
931 2184 1053 2215 itinere
1072 2183 1294 2215 constitutum
1314 2182 1388 2222 capi
1405 2183 1437 2214 et
1454 2182 1603 2213 letaliter
1619 2181 1792 2213 vulnerari
1808 2182 1841 2212 et
1857 2181 1892 2211 in
1909 2189 1976 2212 uno
1993 2189 2036 2212 ex
2052 2180 2152 2211 dictis
2170 2189 2242 2211 cas-

637 2238 702 2270 1115
719 2238 870 2269 detinere
886 2237 975 2269 fecit.
994 2237 1106 2269 Mand.
1123 2237 1226 2268 etiam
1243 2237 1280 2268 ut
1296 2236 1520 2268 alienationes
1539 2236 1684 2272 63836111,
1702 2236 1734 2266 61
1749 2234 1927 2274 praelatum
1944 2234 2084 2265 Petrum
2106 2235 2137 2264 et
2154 2233 2240 2264 alios

637 2291 798 2331 mon.qui
815 2291 1108 2330 captidetinentur
1118 2290 1272 2330 pristinae
1287 2289 1469 2321 restituant
1481 2288 1643 2320 libertati.
1661 2289 1712 2327 (A.
1733 2289 1782 2325 14,
1800 2287 1822 2318 f.
1840 2286 1944 2323 260b;
1966 2286 2002 2318 V.
2018 2289 2068 2324 71,
2090 2295 2141 2326 ep.
2155 2287 2239 2325 384.)

686 2342 820 2374 12695.
835 2360 875 2367 -
893 2343 1053 2376 Guillelmo
1075 2354 1145 2385 ep.o
1162 2343 1324 2378 Sabinen„
1341 2343 1375 2375 S.
1396 2343 1436 2374 A.
1456 2343 1579 2382 legato,
1594 2342 1707 2373 mand.
1727 2343 1764 2372 ut
1781 2350 1813 2371 n.
1831 2350 1863 2371 v.
1884 2341 2050 2372 Joannem
2070 2339 2239 2371 Manuelis

638 2398 820 2438 compellat
846 2398 888 2429 ad
905 2397 1142 2438 deponendum
1157 2405 1281 2428 nornen
1297 2398 1330 2428 et
1346 2396 1497 2428 officium
1510 2395 1634 2427 tutoris
1651 2394 1818 2434 Alphonsi
1835 2394 1925 2433 regis
1943 2393 2099 2424 Castellae
2117 2401 2176 2432 per
2190 2392 2239 2431 ip-

638 2461 715 2484 sum
733 2452 872 2492 propria
897 2451 1098 2483 auctoritate
1117 2451 1221 2482 immo
1240 2450 1354 2490 potius
1370 2449 1562 2481 temeritate
1581 2449 1808 2487 assumptum,
1827 2456 1870 2478 ex
1885 2455 1951 2486 quo
1967 2445 2068 2477 terris
2087 2445 2239 2485 ejusdem

638 2505 729 2546 regis
755 2505 996 2537 discriminosa
1011 2504 1162 2544 pericula
1179 2505 1212 2536 et
1227 2503 1420 2543 periculosa
1434 2502 1634 2533 discrimina
1652 2501 1930 2540 supervenerant,
1948 2501 1981 2530 et
2003 2500 2238 2538 Agaranorum

639 2558 750 2590 fuerat
768 2559 864 2590 aucta
888 2557 1075 2590 temeritas.
1092 2557 1145 2598 (A.
1170 2558 1218 2595 14,
1237 2556 1259 2587 f.
1277 2558 1335 2588 119
1351 2556 1385 2592 ὓ,
1412 2556 1448 2587 V.
1468 2558 1517 2592 71,
1536 2563 1588 2594 ep.
1609 2555 1692 2592 189.)

684 2608 820 2640 12696.
834 2628 872 2633 -
889 2610 965 2642 Eid.
990 2620 1059 2652 ep.o
1082 2610 1196 2642 mand.
1227 2611 1263 2641 ut
1278 2608 1518 2641 executoribus
1534 2606 1730 2639 testamenti
1747 2605 1871 2646 quond.
1889 2604 1982 2636 Petri
1998 2604 2156 2641 Infanfis,
2173 2603 2238 2635 filii

638 2664 680 2695 cl.
700 2673 765 2696 me.
782 2664 895 2696 Sancii
913 2665 1004 2704 regis
1030 2663 1198 2701 castellae,
1214 2663 1338 2695 tutoris
1360 2661 1529 2701 Alphonsi
1552 2660 1642 2700 regis
1669 2659 1837 2696 Castellae,
1861 2657 2039 2697 negocium
2061 2657 2236 2696 impugna·

637 2717 742 2749 tionis
757 2718 853 2758 regni
867 2717 1023 2749 Granatae
1041 2716 1277 2757 prosequendo
1294 2715 1443 2747 defuncti
1458 2714 1559 2745 faciat
1579 2712 1740 2744 satisfieri
1755 2712 1795 2743 de
1814 2711 1957 2751 pecunia
1974 2709 2183 2741 decimarum
2200 2709 2237 2741 in

638 2770 740 2801 terris
757 2770 839 2801 dicti
857 2770 948 2810 regis
973 2769 1123 2810 persolvi
1141 2769 1381 2801 consuetarum
1409 2769 1441 2799 et
1463 2767 1551 2797 dicto
1568 2766 1668 2797 Petro
1694 2772 1943 2801 concessarum,
1962 2763 2109 2794 instante
2128 2762 2237 2794 Maria

639 2823 755 2863 regina
770 2823 938 2860 Castellae,
956 2823 1067 2863 ipsius
1082 2822 1175 2854 Petri
1190 2823 1308 2854 matre.
1329 2821 1381 2861 (A.
1399 2823 1447 2857 14,
1465 2820 1488 2850 f.
1509 2820 1568 2850 120
1583 2824 1615 2856 ³3
1639 2817 1671 2848 V.
1688 2820 1738 2855 71,
1757 2826 1809 2857 ep.
1827 2816 1912 2855 190.)

685 2873 820 2906 12697.
838 2892 876 2898 -
892 2875 968 2906 Eid.
986 2885 1056 2916 ep.o
1080 2875 1193 2906 mand.
1218 2875 1256 2906 ut
1273 2874 1374 2906 faciat
1399 2872 1550 2913 persolvi
1566 2871 1726 2911 pecunias
1745 2879 1830 2910 quas
1851 2870 1974 2901 Petrus
1995 2868 2112 2900 Infans
2134 2869 2236 2900 natus

638 2929 680 2961 61.
699 2938 765 2960 me.
784 2929 898 2960 Sancii
914 2928 1005 2969 regis
1029 2927 1200 2967 castellae,
1219 2928 1396 2966 assumpto
1421 2924 1690 2966 impugnationis
1703 2923 1796 2964 regni
1813 2923 1969 2954 Granatae
1985 2922 2131 2962 negotio,
2149 2930 2181 2953 11.
2201 2931 2233 2952 v.

638 2982 829 3015 Raimundo
854 2982 894 3013 de
915 2981 1079 3019 Cardona,
1098 2982 1177 3013 tunc
1200 2989 1277 3012 cum
1300 2988 1340 3011 eo
1357 2980 1393 3010 in
1411 2979 1574 3015 exercitu,
1590 2979 1705 3009 contra
1718 2976 1847 3008 dictum
1864 2984 2005 3016 regnum
2020 2976 2233 3015 congregato,
