2566 3562
320 326 380 356 326

358 412 460 439 Datum
481 404 662 440 Avenione.

401 511 509 545 2oju1.
529 509 617 538 1324.

392 559 459 591 (xm
471 555 530 582 kal.
547 554 626 589 aug.)

429 599 459 626 T.
477 599 510 632 X,
525 598 583 626 XII.

468 670 505 698 Ut
521 678 546 698 ε.

410 715 441 743 T.
460 715 532 749 XIII,
548 715 605 742 XV.

469 1204 506 1232 Ut
525 1212 549 1231 s.

396 1247 399 1250 “
416 1249 446 1276 T.
465 1249 511 1281 XI,
528 1249 599 1276 XIII.

468 1416 504 1444 Ut
525 1425 548 1444 s.

417 1462 448 1488 T.
464 1462 510 1494 xl,
527 1462 598 1489 XIII.

468 1578 503 1605 Ut
523 1586 546 1605 s.

421 1623 451 1649 T.
470 1623 515 1655 xl,
530 1623 601 1650 XIII.

468 1845 504 1872 Ut
525 1853 547 1871 s.

428 1889 458 1915 T.
475 1889 507 1923 x,
526 1890 583 1916 xn.

465 2163 500 2190 Ut
519 2172 543 2190 s.

411 2208 442 2234 T.
464 2207 509 2241 XI,
524 2208 595 2235 XIII.

466 2429 502 2456 Ut
519 2437 542 2456 s.

411 2473 441 2500 T.
460 2474 506 2507 XI,
527 2474 598 2501 XIII.

460 2696 496 2723 Ut
517 2705 540 2723 s.

412 2741 442 2767 T.
459 2741 504 2774 XI,
519 2741 590 2768 XIII.

461 2855 496 2882 Ut
513 2864 535 2882 s.

408 2899 438 2925 T.
456 2900 501 2933 XI,
517 2901 587 2927 XIII.

714 321 888 354 JOANNIS
911 322 1031 354 PAPAE
1052 323 1155 356 XXII.
1179 325 1429 367 (1818-1384).
1452 343 1492 350 —
1514 325 1702 358 LITTERAE
1724 325 1950 359 COMMUNES

792 507 927 542 13850.
952 529 991 535 -
1008 512 1091 544 Ead.
1110 513 1220 554 gratia
1242 514 1277 546 in
1293 514 1374 546 eccl.
1401 514 1533 547 Clusin.
1555 515 1670 547 Jacobo
1694 515 1762 557 filio
1775 515 1937 548 Ser-machi
1956 515 1992 547 de
2014 515 2199 555 urbeveteri,
2217 516 2346 550 consid.
2372 491 2377 495 -

747 566 783 595 ut
799 573 826 596 s.
846 581 884 587 —-
901 565 928 596 Ι.
947 574 976 597 0.
994 574 1039 596 m.
1057 567 1095 597 ut
1111 574 1138 597 s.
1155 566 1210 607 (A.
1229 569 1278 603 15,
1297 566 1320 599 f.
1338 569 1395 599 271
1407 567 1439 605 ¹³3
1461 568 1498 600 V.
1515 569 1566 607 72,
1583 577 1636 610 ep.
1654 568 1759 609 1116.)

793 668 928 702 13851.
948 689 987 695 -
1002 672 1120 705 Gratia
1144 682 1239 714 exsp.
1258 674 1364 715 dIgn.,
1389 675 1444 707 vel
1466 677 1682 715 personatus,
1702 683 1763 708 seu
1780 675 1851 713 off„
1868 683 1898 708 c.
1915 684 1944 707 c.
1962 675 2016 708 vel
2030 684 2059 708 s.
2074 685 2117 711 0.,
2136 676 2172 708 in
2183 675 2265 708 eccl.
2284 676 2350 709 Pa·

746 726 888 763 tracen,
907 725 1043 757 etiamsi
1060 726 1103 758 ad
1127 726 1188 758 illa
1204 728 1420 760 consueverit
1436 728 1514 768 quis
1529 737 1590 768 per
1613 728 1814 760 electionem
1835 729 1978 767 assumi,
2000 729 2183 762 dummodo
2200 730 2279 770 post
2294 738 2350 762 ar·

747 778 1032 819 chiepiscopalem
1048 780 1155 820 major
1170 789 1238 812 non
1255 781 1391 818 existat,
1411 781 1576 812 Francisco
1593 781 1760 822 Rainulpki
1774 781 1810 813 de
1827 781 1918 820 Urbe,
1932 781 2080 823 proefatae
2095 782 2274 819 e'ccl.can.,
2289 782 2349 824 qui

748 841 790 863 ex
808 832 916 872 priori
946 832 1053 864 simili
1068 834 1178 874 gratia
1193 834 1328 866 nullum
1345 834 1454 866 adhuc
1483 835 1548 867 fuit
1572 835 1787 867 commodum
1812 837 2002 873 assecutus,
2026 844 2106 867 nam
2126 835 2167 868 de
2185 835 2350 868 electione

747 885 943 926 hujusmodi
959 885 1056 918 nulla
1081 887 1209 919 mentio
1233 887 1432 924 habebatur,
1457 888 1542 920 etin
1558 888 1648 920 dicta
1674 889 1755 920 eccl.
1774 888 1870 920 nulla
1887 888 1992 929 dign„
2018 890 2223 929 personatus
2243 889 2278 921 et
2290 889 2349 922 off.

749 939 935 970 consistere
960 939 1222 972 dinoscebantur
1242 940 1286 972 ad
1301 949 1376 981 quae
1399 950 1564 981 personae,
1580 950 1655 982 quae
1680 941 1924 981 praeficiuntur,
1940 950 2008 973 non
2031 942 2270 974 consueverint
2289 949 2351 983 per

749 993 949 1024 electionem
962 993 1093 1024 assumi
1100 1003 1110 1030 3
1126 1002 1194 1026 non
1219 994 1305 1027 obst.
1323 995 1359 1026 in
1376 995 1493 1026 Pisan.
1511 1004 1629 1027 canon.
1649 994 1714 1026 sub
1734 1003 1830 1035 exsp.
1849 994 1968 1035 praeb.,
1991 995 2024 1026 et
2043 995 2080 1026 in
2092 995 2128 1028 S.
2148 995 2195 1028 M.
2211 995 2248 1027 in
2265 995 2350 1028 Por-

749 1046 816 1077 ticu
834 1046 874 1077 de
892 1046 983 1078 Urbe
1001 1046 1081 1078 eccl.
1099 1046 1273 1086 clericatu,
1293 1049 1327 1080 et
1346 1048 1453 1080 rurali
1483 1048 1564 1080 eccl.
1581 1049 1617 1082 S.
1631 1049 1676 1080 M.
1693 1044 1729 1079 in
1747 1048 1897 1080 castello
1912 1048 2028 1080 Pisan.
2045 1048 2092 1080 di.
2107 1067 2145 1072 —
2158 1049 2185 1080 I.
2203 1057 2234 1080 e.
2248 1056 2294 1080 m.
2310 1047 2346 1080 S.

749 1100 794 1131 M.
814 1100 918 1131 Novae
933 1101 966 1131 et
987 1108 1034 1131 ss.
1053 1100 1205 1136 Quatuor
1224 1100 1471 1132 coronatorum
1497 1102 1538 1133 de
1555 1101 1646 1134 Urbe
1666 1101 1852 1142 prioribus,
1867 1110 1906 1133 ac
1932 1101 2079 1134 Ricardo
2095 1102 2136 1134 de
2152 1101 2350 1139 Animum,

750 1161 822 1184 can.
842 1153 1043 1184 Lateranen.
1059 1153 1112 1194 (A.
1131 1155 1180 1191 15,
1200 1153 1222 1185 f.
1243 1155 1303 1186 279
1320 1154 1334 1176 ¹⁸
1346 1165 1355 1191 3
1377 1154 1411 1184 V.
1431 1156 1481 1193 72,
1497 1164 1550 1195 ep.
1569 1156 1673 1194 1154.)

796 1203 930 1235 13852.
949 1224 986 1229 --
1008 1205 1130 1238 Collat.
1147 1215 1266 1239 canon.
1286 1207 1350 1238 sub
1365 1216 1462 1248 exsp.
1481 1207 1584 1248 praeb.
1599 1208 1682 1239 eccl.
1700 1216 1728 1239 s.
1746 1207 1881 1239 Nicolai
1896 1208 1932 1238 in
1944 1208 2087 1240 Carcere
2105 1207 2264 1240 Tulliano
2277 1207 2351 1240 Ste-

745 1259 851 1300 phano
870 1258 963 1290 Pauli
984 1258 1021 1290 de
1037 1259 1226 1300 Paparonisx.
1243 1279 1281 1284 —
1298 1261 1324 1292 I.
1342 1270 1371 1292 e.
1389 1270 1435 1292 m.
1453 1261 1600 1293 RIcardo
1622 1260 1785 1293 Anibaldi
1801 1261 1842 1292 de
1865 1260 2058 1298 Anibaldis,
2075 1261 2291 1300 Later-anon..
2316 1262 2352 1294 et

748 1313 893 1344 Andreae
909 1313 949 1344 de
973 1313 1173 1353 Paparonis,
1194 1314 1345 1345 basilicae
1360 1314 1393 1346 S.
1410 1315 1455 1346 M.
1476 1314 1617 1354 Majoris
1639 1314 1680 1346 de
1702 1313 1806 1353 Urbe,
1823 1322 1861 1346 ac
1877 1314 2059 1346 Francisco
2075 1314 2260 1355 Radulphi,
2285 1315 2352 1348 Pa-

747 1367 874 1398 tracen.
892 1375 964 1397 can.
985 1366 1064 1398 eccl.
1082 1366 1133 1405 (A.
1153 1369 1202 1405 15,
1223 1367 1246 1399 f.
1265 1368 1327 1399 280
1341 1367 1373 1404 ὓς
1398 1367 1431 1399 V.
1449 1369 1500 1405 72,
1513 1376 1565 1408 ep.
1585 1368 1691 1408 1156.)

795 1417 931 1449 13853.
949 1438 986 1442 —-
1015 1420 1098 1451 Ead.
1129 1420 1239 1460 gratia
1253 1421 1289 1451 in
1315 1421 1396 1452 eccl.
1415 1430 1443 1452 s.
1462 1421 1568 1452 Marci
1585 1421 1627 1452 de
1657 1420 1748 1453 Urbe
1762 1421 1882 1452 Joanm'
1906 1421 2004 1463 Zapi.
2019 1439 2059 1445 —
2073 1421 2102 1454 1.
2121 1430 2151 1453 e.
2169 1430 2215 1453 m.
2241 1421 2351 1462 priori
2404 1426 2408 1429 ’

749 1481 796 1504 ss.
809 1473 960 1509 Quatuor
975 1473 1222 1505 Coronatorum
1232 1474 1272 1505 de
1282 1474 1386 1509 Urbe,
1403 1477 1435 1506 et
1448 1474 1595 1506 Ricardo
1611 1483 1649 1506 ac
1663 1474 1847 1506 Franciseo
1862 1474 2081 1515 supradictis.
2095 1474 2147 1514 (A.
2161 1476 2210 1512 15.
2220 1474 2244 1506 f.
2256 1474 2349 1513 28135

753 1526 788 1558 V.
805 1528 854 1563 72,
871 1535 924 1565 ep.
942 1527 1048 1567 1157.)

794 1577 929 1609 13854.
947 1598 985 1603 -
1014 1581 1095 1611 Ead.
1123 1581 1233 1620 gratia
1247 1581 1282 1611 in
1298 1581 1379 1612 eccl.
1402 1581 1578 1612 Patracen.
1601 1581 1817 1612 Laurentiode
1840 1580 1986 1617 Vallatt's;
2007 1589 2074 1613 non
2089 1581 2178 1614 obst.
2196 1581 2233 1613 in
2246 1583 2284 1614 S.
2300 1580 2351 1615 Π.

747 1633 782 1664 in
797 1633 980 1664 cosmedin
1007 1634 1047 1664 de
1065 1633 1155 1666 Urbe
1174 1636 1205 1665 et
1222 1643 1250 1665 s.
1271 1634 1367 1665 Petri
1385 1635 1426 1665 de
1444 1635 1543 1671 Cora,
1559 1635 1746 1666 Velletren.
1761 1635 1821 1672 di.,
1839 1635 1920 1666 eccl.
1938 1643 2055 1666 canon.
2073 1636 2106 1666 et
2120 1634 2347 1675 portionibus,

747 1695 876 1718 necnon
905 1695 1022 1718 canon.
1043 1687 1124 1718 eccl.
1154 1687 1285 1719 Aretin.
1319 1687 1383 1719 suh
1401 1696 1497 1728 exsp.
1518 1688 1621 1728 praeb.
1640 1706 1679 1711 —
1705 1689 1732 1720 Ι.
1751 1697 1780 1720 e.
1797 1697 1842 1719 m.
1870 1687 1947 1719 abb.
1974 1689 2120 1720 monast.
2143 1697 2171 1719 s.
2188 1687 2294 1720 Pauli
2306 1687 2349 1721 de

747 1740 848 1775 Urbe,
867 1743 898 1771 et
927 1740 1070 1772 Mathaeo
1099 1740 1140 1771 de
1167 1741 1371 1780 Gavellutis‚
1394 1743 1482 1772 cant.
1513 1750 1541 1772 s.
1558 1742 1652 1773 Petri
1673 1742 1823 1773 Insulen.
1843 1742 2031 1774 Tornacen.
2051 1742 2110 1779 di.,
2138 1750 2177 1773 ac
2202 1740 2351 1774 Ricardo

746 1794 916 1833 praedicto.
935 1794 988 1834 (A.
1007 1795 1055 1830 15,
1072 1794 1095 1825 f.
1113 1795 1170 1825 281
1190 1794 1226 1831 ¹²3
1249 1794 1284 1826 V.
1305 1796 1354 1833 72,
1379 1803 1431 1834 ep.
1454 1796 1557 1833 1158.)

792 1844 927 1876 13855.
943 1865 981 1869 -
1008 1847 1128 1879 Collat.
1153 1857 1271 1879 canon.
1290 1848 1354 1879 sub
1382 1857 1479 1888 exsp.
1507 1848 1610 1888 praeb.
1628 1849 1709 1880 eccl.
1738 1857 1766 1880 s.
1781 1849 1876 1880 Petri
1904 1848 1989 1880 foris
2011 1849 2146 1888 portam
2173 1847 2346 1888 Spoletan.

746 1900 840 1931 Heliae
855 1901 1006 1931 Marclzeti
1022 1901 1058 1931 de
1072 1900 1210 1942 Spoleto,
1221 1910 1293 1932 can.
1310 1901 1456 1941 praeben.
1475 1903 1509 1934 S.
1527 1902 1572 1933 M.
1590 1902 1730 1942 Maioris
1744 1902 1934 1934 Tuscanen.
1953 1903 1986 1933 et
2001 1910 2029 1932 s.
2048 1901 2192 1934 Gaeoiliae
2206 1901 2248 1933 de
2259 1902 2348 1933 Ana·

744 1954 838 1991 tolia,
866 1954 1040 1993 Spoletan.
1061 1954 1120 1989 di.,
1137 1954 1218 1985 eccl.
1234 1971 1272 1976 —
1290 1954 1316 1985 Ι.
1336 1964 1364 1986 0.
1384 1964 1430 1986 m.
1450 1964 1538 1995 mag.
1554 1955 1679 1986 Joanni
1696 1955 1737 1986 de
1752 1955 1904 1991 Verulis,
1921 1963 1996 1986 can.
2011 1954 2163 1986 basilicae
2179 1954 2348 1994 principis

745 2007 979 2046 apostolorum
1001 2008 1040 2038 de
1056 2007 1159 2043 Urbe,
1174 2008 1243 2039 ΡΡ.
1260 2008 1343 2045 not..
1365 2009 1397 2039 et
1423 2009 1605 2039 Francisco
1630 2008 1856 2045 Leonardoni,
1874 2008 1983 2048 priori
1995 2007 2109 2039 saecul.
2125 2016 2154 2038 s.
2173 2007 2291 2040 Savini
2304 2007 2348 2040 de

744 2061 862 2098 Plano,
901 2061 1074 2099 Spoletan.
1102 2061 1162 2098 di.,
1181 2070 1219 2092 ac
1249 2061 1394 2092 Beraldo
1411 2060 1573 2098 Alberici‚
1605 2070 1708 2101 praep.
1738 2070 1766 2092 s.
1784 2061 1890 2097 Marci
1917 2061 2089 2101 Spoletan.
2118 2060 2200 2092 eccl.
2221 2061 2345 2101 (11.15,

744 2113 766 2143 f.
785 2114 844 2145 306
858 2113 889 2150 ¹³5
914 2113 947 2145 V.
968 2115 1017 2150 72,
1035 2122 1086 2153 ep.
1112 2115 1216 2152 1215.)

791 2163 924 2195 13856.
948 2184 984 2189 ——
1000 2166 1118 2198 Gratia
1133 2175 1230 2206 exsp.
1248 2166 1359 2198 benef.
1379 2167 1492 2199 saecul.
1515 2176 1542 2198 c.
1562 2176 1589 2197 c.
1609 2167 1661 2198 vel
1678 2176 1706 2198 s.
1723 2176 1765 2205 c.,
1784 2167 1819 2198 in
1834 2167 1926 2198 civit.
1943 2167 1998 2198 vel
2013 2167 2060 2198 di.
2077 2168 2251 2207 Agennen.
2273 2175 2348 2207 per·

743 2219 805 2250 tin.
823 2220 864 2250 ad
881 2219 992 2250 collat.
1024 2220 1103 2259 epi,
1125 2220 1236 2259 (1001.
1253 2219 1303 2261 t.),
1321 2220 1484 2251 Amalvino
1515 2220 1551 2251 de
1578 2220 1679 2261 Rupe,
1699 2220 1823 2252 rectori
1851 2220 1988 2260 paroch.
2007 2220 2087 2252 eccl.
2117 2220 2159 2252 de
2192 2219 2346 2252 Florida-

744 2275 869 2309 monte,
899 2273 1022 2304 modici
1047 2273 1183 2308 valoris,
1202 2273 1369 2304 Sarlaten.
1394 2273 1454 2309 di.,
1473 2282 1575 2313 quam
1592 2273 1717 2305 dimitt.
1743 2274 1890 2305 tenetur.
1904 2291 1943 2296 —
1968 2274 1995 2305 I.
2017 2282 2045 2304 e.
2065 2282 2110 2304 m.
2139 2273 2265 2305 archid.
2283 2273 2347 2306 Ca-

742 2327 886 2361 turcen,
906 2328 938 2357 et
963 2326 1135 2357 Ber-nardo
1151 2326 1324 2366 Stephani,
1340 2327 1566 2364 Xanctonen„
1587 2336 1624 2358 ac
1637 2327 1831 2358 Raimundo
1847 2327 1887 2358 de
1904 2326 2134 2364 columberio,
2150 2326 2348 2358 Autisiodo-

742 2388 812 2410 ren.
832 2388 905 2410 can.
930 2379 1010 2410 eccl.
1028 2379 1079 2420 (A.
1099 2381 1150 2414 15,
1168 2379 1191 2410 f.
1208 2381 1267 2411 360
1283 2385 1313 2416 ³3
1338 2379 1374 2411 V.
1389 2381 1439 2417 72,
1455 2389 1508 2420 ep.
1526 2379 1632 2420 1276.)
1683 2414 1686 2416 ,
1875 2373 1878 2378 ’

788 2430 924 2461 13857.
943 2451 981 2456 —-
1003 2433 1125 2464 Collat.
1144 2442 1261 2464 canon.
1279 2433 1360 2465 eccl.
1378 2433 1548 2471 Theatin.,
1569 2434 1604 2464 in
1617 2442 1685 2473 qua
1700 2434 1813 2465 certus
1828 2441 1901 2464 can.
1917 2441 2081 2464 numerus
2096 2434 2129 2464 et
2149 2432 2252 2472 praeb.
2277 2432 2345 2464 dis-

740 2486 859 2517 tinctio
883 2494 950 2517 non
976 2485 1153 2524 habentur,
1170 2485 1283 2516 ιΙαεοῠο
1303 2486 1424 2518 Judicis
1448 2486 1579 2518 Galterii
1595 2485 1632 2517 de
1646 2486 1751 2518 Casuli
1769 2486 1901 2524 comitis,
1919 2486 2043 2518 rectori
2059 2485 2092 2517 S.
2109 2486 2155 2517 M.
2174 2486 2216 2517 de
2237 2486 2346 2526 Paga-

741 2539 816 2570 nica
833 2541 865 2570 et
884 2548 911 2570 s.
929 2539 1055 2570 Vitalis
1071 2539 1111 2570 de
1127 2540 1239 2571 Rocca
1251 2540 1473 2580 Montisplani
1490 2540 1571 2571 eccl.
1588 2548 1618 2577 S.
1634 2549 1675 2577 0.,
1692 2539 1848 2572 Theatin.
1867 2539 1927 2575 di.,
1947 2539 1980 2580 (5
1997 2539 2070 2571 flor.
2090 2539 2188 2579 auri).
2205 2556 2245 2562 —
2266 2539 2293 2571 Ι.
2313 2547 2344 2570 0.

739 2601 784 2624 m.
805 2601 880 2632 ep.o
899 2592 1056 2631 Valven.,
1075 2594 1108 2624 et
1137 2602 1241 2633 praep.
1270 2593 1350 2624 0001.
1380 2593 1609 2631 Ebredunen.‚
1635 2602 1673 2624 ac
1698 2593 1824 2624 archid.
1854 2594 2004 2633 Capuan.
2033 2592 2085 2631 (Α.
2114 2594 2164 2630 15,
2191 2592 2214 2624 f.
2236 2593 2298 2624 402
2311 2597 2344 2630 ⁸3

744 2645 779 2677 V.
800 2647 850 2684 72,
868 2654 920 2686 ep.
939 2647 1045 2684 1350.)

785 2696 922 2729 13858.
940 2717 977 2723 —
992 2699 1069 2731 Eid.
1095 2700 1204 2740 gratia
1229 2709 1325 2740 exsp.
1344 2700 1455 2732 benef.
1475 2700 1589 2732 saecul.
1606 2709 1635 2731 c.
1654 2709 1682 2731 c.
1700 2700 1756 2731 vel
1778 2708 1806 2732 s.
1823 2708 1851 2731 c.
1866 2699 1901 2730 in
1926 2699 2019 2731 civit.
2034 2699 2089 2731 vel
2106 2699 2152 2731 di.
2173 2699 2340 2736 Theatin„

738 2753 780 2783 ad
806 2752 1050 2792 cujuscumque
1083 2754 1308 2793 praeterquam
1337 2754 1405 2793 ep.i
1434 2753 1588 2785 Theatin.
1619 2753 1735 2784 collat.
1760 2753 1883 2792 pertin.
1906 2770 1944 2776 —
1962 2752 1989 2783 Ι.
2006 2761 2035 2784 0.
2052 2761 2098 2783 01.
2117 2753 2155 2783 ut
2170 2761 2198 2783 s.
2217 2752 2269 2790 (Α.
2289 2753 2340 2790 15,

738 2805 760 2837 f.
777 2807 837 2837 402
850 2805 863 2826 ¹³
879 2807 911 2837 et
925 2808 985 2838 414
1003 2812 1035 2843 ἃς
1058 2806 1095 2837 V.
1112 2808 1162 2844 72,
1182 2815 1234 2846 ep.
1253 2807 1360 2847 1351.)

783 2856 917 2888 13859.
942 2877 980 2882 -
998 2860 1115 2891 Gratia
1132 2868 1228 2899 exsp.
1257 2859 1368 2891 benef.
1387 2869 1415 2891 c.
1437 2869 1464 2892 c.
1488 2860 1543 2891 vel
1563 2869 1590 2891 s.
1617 2869 1644 2890 c.
1664 2860 1800 2891 etiamsi
1826 2858 2035 2899 archipresb.
2054 2858 2181 2890 existat
2195 2859 2230 2889 in
2245 2858 2343 2890 civit.

735 2912 789 2943 vel
816 2912 862 2943 di.
880 2912 1092 2950 Narbonen.‚
1122 2913 1244 2952 pertin.
1264 2914 1305 2944 ad
1325 2914 1437 2945 collat.
1470 2913 1632 2953 archiep.i
1656 2912 1862 2950 Narbonen.‚
1881 2912 1954 2952 (100
1971 2912 1995 2943 1.
2011 2912 2062 2951 t.),
2078 2912 2171 2942 Petro
2196 2910 2338 2948 Cau-elli,

735 2974 808 2997 can.
825 2965 971 3005 praeben.
997 2967 1077 2998 0001.
1096 2967 1134 2998 Β.
1153 2966 1198 2998 M.
1215 2967 1255 2998 de
1279 2967 1415 3002 Usesta,
1438 2967 1600 2998 vasaten.
1629 2966 1673 2997 di.
1692 2985 1730 2990 —
1748 2966 1774 2997 Ι.
1799 2974 1828 2997 0.
1846 2974 1892 2998 m.
1910 2966 2036 2997 decano
2062 2974 2090 2996 s.
2106 2965 2206 2996 Pauli
2221 2965 2262 2996 de
2275 2965 2340 2996 Fe-
