2566 3562
334 316 393 348 218

356 407 460 435 Datum
489 399 673 435 Avenione.

373 510 387 535 Ι
402 506 485 542 (kal.)
499 506 556 533 dec.
575 503 661 532 ¹320.

336 552 384 580 Gr.
399 559 449 586 pro
466 551 522 577 Deo
538 550 572 577 de
589 548 687 576 mund.

475 592 548 620 D.ni.

471 874 507 901 Ut
523 881 546 900 s.

434 920 465 947 T.
482 919 585 946 LXXX.

467 1033 502 1061 Ut
518 1042 541 1061 s.

449 1078 480 1106 T.
505 1077 562 1105 XX.

466 1513 502 1540 Ut
523 1522 546 1541 s.

463 1672 499 1700 Ut
519 1680 542 1699 s.

404 1716 434 1743 T.
456 1717 514 1751 xu,
534 1718 603 1745 xw.

318 1937 337 1965 2
355 1939 396 1972 (iv
415 1939 497 1974 non.)
517 1939 574 1967 dec.
600 1940 685 1968 1320.

406 1983 435 2010 T.
450 1984 508 2018 XII,
525 1985 594 2013 XIV.

463 2099 499 2126 Ut
519 2107 542 2126 s.

398 2142 428 2168 T.
445 2143 515 2177 XIV,
531 2144 600 2171 XVI.

462 2416 495 2443 Ut
511 2425 534 2444 s.

406 2459 436 2485 T.
457 2460 503 2493 XI,
522 2461 593 2488 XIII.

459 2680 494 2708 Ut
515 2689 537 2708 s.

402 2724 433 2751 T.
449 2724 507 2758 XII,
523 2726 592 2754 XIV.

734 309 907 342 JOANNIS
929 308 1047 339 PAPAE
1069 307 1170 339 XXII.
1194 308 1443 346 (1316-1834).
1465 324 1504 331 —
1526 307 1714 338 LITTERAE
1736 300 1962 340 co'MMUNEs

799 498 934 531 12681.
948 500 1116 532 —Gratia
1134 508 1230 540 exsp.
1255 499 1365 532 benef.
1385 499 1498 532 saecul.
1522 509 1551 532 c.
1572 509 1600 532 0.
1617 500 1671 532 vel
1690 508 1718 531 s.
1738 508 1766 532 0,
1785 500 1876 541 (801.
1892 499 1935 541 t.)
1951 500 1986 532 in
2006 500 2099 533 civit.
2119 501 2174 534 vel
2190 501 2237 534 di.
2252 502 2352 535 Sues-

752 555 896 592 sionem,
915 553 1040 594 pertin.
1056 553 1098 584 ad
1111 552 1222 585 collat.
1241 553 1309 594 ep.i
1327 553 1562 591 suessionen„
1579 553 1696 585 ,Ioanni
1709 552 1793 584 dicto
1811 552 1943 592 Fetorie,
1959 553 2073 595 presb.
2089 554 2264 594 Leodien„
2279 555 2352 596 qui,

751 615 827 638 cum
843 607 970 638 dudum
989 606 1138 637 similem
1153 606 1297 647 gratiam
1314 605 1528 645 obtinuisset,
1546 607 1728 647 quamdam
1743 606 1969 647 capellaniam
1984 615 2080 648 perp.
2101 608 2144 640 ad
2161 607 2269 650 eJusd.
2283 609 2353 650 ep.i

751 660 863 691 collat.
887 660 1025 700 propter
1040 659 1151 699 ipsius
1172 660 1374 691 tenuitatem
1395 660 1590 692 reddituum
1609 660 1760 700 recipere
1782 660 1893 692 noluit
1900 670 1911 698 3
1934 668 2002 693 non
2016 659 2104 694 obst.
2125 661 2216 703 quod
2238 660 2350 694 benef.

750 721 778 744 c.
796 721 824 743 c.
837 712 890 743 vel
905 721 932 743 s.
946 721 974 743 c.
991 712 1032 743 ad
1043 712 1154 744 collat.
1171 712 1288 744 decani
1305 713 1386 744 eccl.
1402 713 1440 745 B.
1457 713 1502 745 Μ.
1518 713 1559 745 de
1575 713 1697 754 Aquis,
1711 713 1873 745 Leodien.
1889 713 1950 752 di.,
1966 714 2151 754 exspectet.
2166 714 2243 746 -1.
2258 723 2289 747 e.
2302 723 2349 747 m.

750 773 826 805 ep.o
847 765 1063 803 Noviomen.,
1083 767 1115 797 et
1127 765 1204 797 abb.
1222 767 1357 798 monast
1372 775 1401 798 s.
1417 766 1572 798 Medardi
1588 766 1821 805 Suessionen.,
1837 775 1876 798 ac
1892 767 2080 800 Bertrando
2092 766 2134 800 de
2147 767 2351 806 Mediolano,

750 826 822 849 can.
838 818 1012 857 Leodien.,
1034 819 1100 851 ΡΡ.
1116 827 1189 859 cap.
1206 819 1261 860 (A.
1280 821 1330 855 14,
1346 819 1371 850 f.
1390 820 1448 852 103
1464 825 1495 856 ⁸;
1517 819 1553 852 V.
1570 821 1620 858 71,
1644 828 1697 860 ep.
1713 820 1800 859 217.)

795 870 805 882 ·
824 868 959 901 12632.
977 890 1016 896 -
1033 872 1208 904 Sententia
1231 881 1292 913 per
1311 881 1414 913 quam
1434 883 1522 914 epm
1543 873 1678 915 Buryen.
1699 882 1776 906 cum
1794 873 1927 905 duabus
1943 873 1998 906 vel
2018 873 2131 906 tribus
2146 874 2304 915 personis
2317 875 2352 907 et

750 932 817 956 uno
833 925 965 956 notario
982 925 1082 957 debet
1097 926 1203 966 recipi
1219 927 1252 957 et
1268 926 1403 958 admitti
1419 926 1461 957 ad
1478 926 1712 958 visitationem
1727 926 1810 959 eccl.
1827 927 1860 958 et
1876 928 2022 959 monast.
2039 926 2175 964 Onien.,
2190 927 2231 960 Ο.
2248 927 2281 959 S.
2296 928 2349 967 B.‚

748 986 819 1009 suae
835 978 882 1008 di.
897 978 949 1016 (Α.
962 980 1011 1015 14,
1030 978 1053 1009 f.
1072 979 1131 1010 160
1143 984 1171 1015 ²5
1191 978 1227 1011 V.
1247 980 1297 1017 71,
1315 987 1367 1019 ep.
1384 980 1470 1018 274.)

795 1028 929 1060 12683.
954 1048 994 1054 -
1018 1032 1238 1064 Confirmatio
1262 1032 1468 1072 receptionis
1488 1033 1691 1064 monialium
1714 1034 1861 1065 monast.
1886 1033 1927 1065 de
1952 1033 2087 1066 Thauto
2110 1033 2146 1065 in
2172 1035 2351 1066 canonicas

748 1085 893 1116 monast.
915 1093 943 1116 s.
961 1085 1136 1116 Saturnini
1159 1085 1318 1117 Tolosan.
1342 1087 1375 1117 et
1392 1086 1434 1117 ad
1450 1086 1700 1126 professionem
1726 1086 1798 1118 ord.
1823 1087 1855 1118 et
1875 1086 2001 1127 regulae
2025 1086 2059 1118 b.
2084 1087 2269 1128 Augustini
2289 1096 2350 1129 per

747 1137 989 1177 Raymundum
1007 1146 1121 1178 epum
1136 1138 1366 1178 Mirapiscen„
1379 1140 1460 1170 tunc
1472 1139 1631 1171 ultimum
1646 1139 1728 1171 dicti
1744 1141 1890 1171 monast.
1903 1139 1994 1177 abb„
2005 1139 2100 1172 factae
2118 1149 2195 1172 cum
2210 1140 2350 1173 statutis

746 1199 807 1229 pro
824 1191 988 1231 regimine
1002 1191 1170 1223 dictarum
1185 1191 1404 1230 monialium3
1421 1192 1569 1224 instante
1587 1192 1695 1224 Vitali
1711 1193 1764 1224 tit.
1789 1201 1818 1224 s.
1834 1193 1974 1225 Martini
1993 1193 2028 1224 in
2043 1193 2218 1226 Montibus
2232 1193 2347 1235 presb.

746 1244 835 1274 card.
855 1244 926 1284 qui,
945 1245 1148 1284 prIusquam
1164 1245 1206 1276 ad
1221 1245 1469 1277 cardinalatum
1484 1247 1576 1277 esset
1593 1247 1803 1286 assumptus,
1819 1245 1854 1277 in
1868 1246 1961 1278 civit.
1977 1246 2138 1279 Tolosan.
2154 1255 2348 1288 proponens

745 1296 886 1328 verbum
910 1298 974 1329 Dei
997 1298 1180 1329 nonnullas
1205 1298 1369 1330 mulieres
1397 1298 1584 1330 obscaenam
1607 1299 1714 1331 vitam
1742 1299 1905 1331 ducentes
1929 1300 2045 1332 statim
2068 1300 2249 1332 dulcedine
2266 1300 2348 1333 dicti

745 1350 840 1381 verbi
857 1351 899 1381 ad
914 1351 1086 1382 Christum
1102 1351 1280 1388 convertit,
1298 1360 1372 1392 quae
1390 1352 1570 1391 praefatum
1584 1353 1730 1384 monast.
1743 1352 1784 1384 de
1797 1352 1932 1384 Thauro
1945 1353 2182 1391 efformarunt3
2199 1353 2348 1386 instante

745 1403 847 1434 etiam
866 1405 966 1435 Petro
979 1404 1054 1435 abl).
1075 1405 1156 1436 dicti
1171 1406 1318 1436 monast.
1339 1413 1366 1436 s.
1387 1405 1575 1443 Saturnini,
1593 1405 1626 1436 S.
1645 1406 1687 1437 R.
1703 1405 1742 1437 E.
1760 1406 2049 1438 vicecancellario.
2064 1406 2118 1448 (Α.
2136 1408 2186 1445 u,
2202 1407 2226 1439 f.
2241 1406 2347 1445 3161‘3

751 1456 787 1487 V.
806 1459 856 1494 71,
874 1466 927 1496 ep.
946 1459 1032 1496 585.)

792 1508 926 1539 12684.
944 1529 984 1534 —
1000 1511 1118 1543 Gratia
1140 1520 1236 1551 exsp.
1263 1512 1319 1543 off.
1342 1511 1594 1550 matriculariae,
1613 1512 1713 1543 laicis
1735 1512 1903 1553 assignari
1920 1513 2072 1545 consueti
2091 1513 2128 1545 in
2145 1513 2226 1546 eccl.
2244 1514 2348 1547 Seno·

746 1572 835 1600 nen.,
855 1563 1005 1605 Philippo
1032 1564 1205 1605 Campion„
1220 1565 1307 1596 laico
1321 1565 1506 1605 Lingonen.
1520 1565 1566 1596 di.
1582 1584 1621 1589 -
1643 1566 1670 1597 I.
1687 1574 1716 1598 e.
1736 1574 1782 1598 m.
1802 1575 1829 1597 s.
1847 1566 1991 1598 Joannis
2005 1567 2038 1599 et
2056 1575 2084 1598 s.
2104 1567 2278 1600 columbae
2291 1568 2346 1600 Se-

745 1626 868 1649 nonen.
886 1619 1032 1649 monast.
1050 1617 1140 1654 abb„
1156 1627 1193 1649 ac
1209 1618 1336 1650 decano
1352 1619 1431 1650 eccl.
1447 1618 1615 1651 Parisien.
1635 1619 1688 1660 (A.
1710 1621 1759 1655 15,
1779 1619 1803 1650 f.
1822 1621 1880 1652 183
1895 1625 1927 1657 ⁸3
1950 1619 1984 1651 V.
2004 1621 2054 1659 72,
2074 1629 2126 1661 ep.
2141 1620 2227 1661 941.)

791 1667 927 1700 12685.
953 1689 991 1694 -
1006 1671 1089 1711 Maq.
1112 1671 1206 1702 Petro
1226 1672 1263 1702 de
1281 1672 1416 1710 Bituris,
1438 1673 1525 1704 cant.
1544 1672 1625 1704 eccl.
1642 1673 1876 1711 Aurelianen.,
1894 1673 2059 1715 indulget.
2079 1675 2118 1706 ut
2136 1674 2293 1707 residens
2311 1675 2347 1706 in

746 1724 860 1764 aliqua
876 1725 1109 1761 ecclesiarum,
1126 1725 1161 1756 in
1173 1724 1298 1765 quibus
1313 1725 1534 1757 beneficiatus
1551 1726 1681 1764 existit,
1698 1728 1755 1758 aut
1769 1727 1933 1758 insistens
1949 1727 2140 1760 scolasticis
2153 1727 2347 1769 disciplinis

744 1777 779 1808 in
797 1778 909 1809 studio
925 1778 1086 1818 generali,
1103 1778 1233 1810 fructus
1249 1779 1401 1810 omnium
1416 1779 1528 1811 benef.
1542 1788 1681 1811 suorum
1701 1779 1830 1820 absque
1843 1780 2030 1812 residentia
2042 1782 2218 1822 percipere
2235 1781 2347 1814 valeat

745 1832 786 1862 ad
803 1831 1086 1871 quinquennium.
1103 1849 1140 1854 -
1156 1833 1182 1863 Ι.
1199 1841 1228 1863 e.
1247 1841 1293 1864 m.
1315 1841 1343 1864 s.
1364 1833 1525 1873 Dionysii
1543 1833 1578 1864 in
1597 1834 1753 1869 Francia,
1772 1834 1939 1865 Parisien.
1958 1834 2017 1872 di.‚
2034 1835 2067 1866 et
2082 1843 2111 1867 s.
2128 1835 2290 1867 Germani
2305 1835 2347 1867 de

743 1885 856 1916 Pratis
870 1894 907 1916 ac
921 1894 949 1916 s.
965 1885 1144 1917 Genovet'ae
1156 1885 1190 1916 in
1205 1886 1318 1917 Monte
1335 1886 1502 1918 Parisien.
1518 1888 1665 1919 monast.
1681 1887 1757 1918 abb.
1771 1887 1823 1926 (Α.
1840 1889 1888 1924 17,
1901 1887 1925 1919 f.
1938 1890 1996 1920 116
2010 1887 2040 1925 ὓ,
2063 1887 2096 1920 V.
2111 1890 2161 1926 72,
2173 1897 2224 1929 ep.
2241 1888 2346 1929 1633.)

790 1935 924 1967 12686.
945 1955 984 1961 —
1001 1938 1164 1969 Ramberto
1189 1938 1301 1975 David,
1329 1948 1401 1971 can.
1429 1940 1654 1977 Xanctcnen.,
1680 1940 1801 1972 induli.
1826 1941 2036 1981 percipiendi
2061 1941 2193 1974 fructus
2217 1941 2345 1982 absque

743 1992 928 2023 residentia
950 1992 991 2023 ad
1010 1992 1208 2023 triennium.
1235 2009 1272 2015 -
1290 1993 1317 2024 I.
1343 2001 1373 2024 e.
1391 2002 1438 2024 m.
1457 2002 1532 2033 ep.0
1553 1993 1781 2031 Lemovicen„
1807 1995 1840 2025 et
1857 1994 1984 2026 archid.
2007 1995 2281 2036 Montispensati,
2307 2003 2346 2027 ac

743 2045 878 2084 Hugoni
896 2045 1046 2085 Rogerii,
1064 2054 1136 2076 can.
1157 2046 1238 2077 eccl.
1256 2046 1433 2077 Caturcen.
1449 2046 1502 2087 (A.
1518 2048 1568 2082 14,
1584 2047 1606 2077 f.
1624 2048 1662 2079 45
1679 2052 1708 2084 ²3
1733 2047 1766 2078 V.
1782 2049 1834 2084 71,
1849 2056 1901 2087 ep.
1922 2048 2006 2087 169.)

788 2096 921 2128 12687.
939 2117 977 2122 --
993 2099 1119 2140 Huqoni
1134 2099 1227 2130 Bovis
1238 2099 1352 2131 collat.
1367 2101 1460 2131 motu
1477 2100 1611 2140 proprio
1626 2109 1744 2132 canon.
1764 2102 1796 2132 et
1809 2100 1911 2141 praeb.
1925 2101 2005 2133 eccl.
2018 2102 2244 2134 cenomanen.
2257 2111 2344 2143 quos

742 2151 823 2182 olim
839 2153 920 2189 ΡΡ.,
938 2161 1014 2184 cum
1030 2154 1187 2184 vacarent
1203 2162 1263 2192 per
1276 2154 1463 2185 consecrat.
1476 2154 1637 2185 Ludovici
1653 2154 1720 2194 ep.i
1736 2154 1955 2192 Dunelmen.,
1970 2163 2059 2195 mag,
2073 2155 2174 2187 Petro
2186 2156 2207 2187 J
2210 2156 2342 2194 oannis,

741 2205 866 2236 archid.
886 2206 1055 2245 Baj00en.‚
1070 2208 1139 2237 not.
1158 2215 1231 2244 suo,
1249 2207 1448 2244 contulerat,
1465 2207 1526 2238 sed
1539 2208 1721 2247 antequam
1734 2207 1856 2239 litterae
1868 2207 2064 2248 huJusmodi
2079 2208 2192 2240 collat.
2207 2209 2244 2240 iu
2254 2209 2344 2242 dicta

741 2259 821 2290 eccl.
841 2260 1048 2298 praesentatae
1063 2260 1221 2297 fuissent,
1234 2260 1327 2291 eosd.
1340 2269 1458 2291 canon.
1473 2262 1506 2292 et
1523 2260 1626 2300 praeb.
1642 2261 1687 2292 id.
1701 2261 1770 2292 ΡΡ.
1782 2261 1938 2301 disposit.
1952 2270 2021 2293 suae
2033 2270 2208 2294 remanere
2221 2262 2340 2295 voluit.

739 2329 778 2334 ——
795 2313 820 2343 Ι.
838 2321 867 2343 e.
886 2322 931 2343 m.
951 2312 1121 2352 archiep.0
1142 2313 1327 2350 Arelaten„
1346 2314 1379 2344 et
1398 2313 1474 2345 abb.
1495 2315 1642 2345 monast.
1661 2323 1688 2345 s.
1713 2314 1806 2346 Petri
1828 2314 1869 2346 de
1886 2315 2028 2346 Cultura
2047 2315 2287 2354 cenomanen„
2304 2325 2343 2348 ac

740 2374 843 2405 praep.
860 2366 940 2398 eccl.
959 2367 1122 2398 Tolonen.
1140 2366 1193 2406 (A.
1217 2369 1266 2404 14,
1283 2367 1360 2398 f.-19
1373 2366 1402 2404 ¹³3
1429 2367 1465 2398 V.
1486 2369 1536 2405 71,
1553 2376 1605 2407 ep.
1625 2367 1708 2407 196.)

786 2416 919 2448 12668.
934 2437 972 2442 --
988 2419 1109 2451 Collat.
1124 2429 1242 2451 canon.
1259 2411 1322 2451 sub
1338 2429 1434 2460 exsp.
1452 2420 1554 2460 prael).
1572 2430 1610 2452 ac
1625 2421 1730 2461 dign,
1749 2421 1804 2452 vel
1817 2422 2031 2461 personatus,
2048 2430 2109 2453 seu
2127 2423 2182 2454 off.
2197 2431 2224 2454 c.
2241 2432 2269 2454 c.
2287 2423 2342 2455 vel

741 2480 767 2503 s.
788 2481 816 2502 0.
834 2473 914 2503 eccl.
935 2474 1159 2509 Xanctonen,
1178 2474 1307 2505 consid.
1324 2473 1501 2506 Gaueelini
1520 2483 1568 2506 ss.
1585 2474 1775 2506 Marcellini
1790 2476 1823 2506 et
1838 2475 1931 2506 Petri
1947 2475 2060 2516 presb.
2077 2476 2182 2512 card„
2195 2477 2341 2517 maqistro

742 2525 877 2555 Arnaldo
896 2525 931 2556 de
947 2526 1122 2567 Lupisaltu.
1146 2544 1185 2549 —
1199 2527 1227 2558 I.
1251 2536 1280 2558 e.
1299 2536 1345 2558 m.
1361 2527 1437 2558 abb.
1457 2529 1600 2559 monast.
1623 2528 1662 2559 Β.
1682 2527 1728 2559 Μ.
1747 2528 1788 2559 de
1801 2528 1963 2560 Talniaco
1983 2537 2087 2569 supra
2101 2529 2338 2569 Carontonem,

740 2580 772 2609 et
787 2579 893 2618 priori
908 2588 935 2611 s.
955 2580 1084 2620 AEgidii
1098 2581 1138 2612 de
1155 2581 1335 2620 Surgeriis,
1351 2581 1563 2612 Xanctonen.
1575 2581 1635 2619 di„
1652 2590 1690 2612 ac
1705 2582 1804 2613 Petro
1820 2582 1999 2618 Bonifacii‚
2016 2591 2088 2614 can.
2106 2583 2340 2615 Constantien.

740 2632 818 2663 eccl.
836 2632 887 2671 (A.
908 2635 955 2671 14,
975 2634 997 2665 f.
1015 2635 1055 2666 99
1069 2639 1101 2671 ³3
1127 2633 1161 2666 V.
1183 2636 1233 2670 71,
1251 2643 1303 2674 ep.
1319 2634 1406 2674 199.)

785 2682 920 2715 12689.
942 2704 980 2709 —
994 2687 1078 2728 May.
1100 2687 1272 2728 Adjutorio
1290 2687 1326 2719 de
1340 2687 1507 2726 Guarcino,
1524 2697 1597 2719 can.
1614 2688 1760 2728 Spiren.‚
1779 2689 1902 2721 induit.
1920 2690 2131 2730 percipiendi
2149 2690 2280 2722 fructus
2299 2691 2342 2722 ad

738 2738 923 2770 triennium
941 2741 1093 2771 omnium
1111 2740 1222 2772 benef.
1247 2750 1398 2779 suorum,
1417 2741 1596 2773 residendo
1613 2742 1648 2773 in
1668 2742 1784 2783 aliqua
1800 2743 2022 2775 ecclesiarum
2040 2743 2076 2775 in
2099 2743 2224 2784 quibus
2240 2743 2339 2776 bene·

739 2791 871 2823 ficiatus
885 2793 1013 2831 existit,
1026 2794 1080 2825 vel
1096 2794 1286 2826 insistendo
1302 2795 1492 2827 scolasticis
1510 2795 1706 2835 disciplinis
1726 2797 1760 2827 in
1778 2796 1851 2828 loco
1867 2795 1926 2827 ubi
1943 2797 2095 2828 studium
2111 2797 2223 2837 vigeat
2238 2806 2340 2838 gene-

739 2845 821 2880 rale,
837 2847 894 2876 aut
909 2846 943 2876 in
959 2847 1113 2878 Romana
1132 2848 1226 2879 curia
1239 2849 1462 2880 immorando.
1483 2867 1521 2872 —
1539 2849 1566 2880 Ι.
1585 2858 1614 2880 e.
1634 2858 1678 2880 m.
1698 2858 1774 2890 ep.o
1792 2850 1974 2890 Anagnin.,
1991 2852 2024 2882 et
2041 2859 2129 2891 mag.
2148 2850 2339 2890 Napoleoni

738 2898 778 2928 de
802 2898 884 2928 filiis
900 2899 979 2930 Ursi
995 2900 1120 2932 archid.
1138 2901 1178 2932 de
1195 2902 1374 2941 Campinia
1395 2902 1429 2933 in
1449 2902 1530 2933 eccl.
1547 2903 1720 2940 Leodien.,
1739 2904 1806 2934 ΡΡ.
1824 2905 1906 2941 not„
1931 2912 1969 2934 ac
1985 2903 2062 2935 abb.
2080 2905 2226 2935 monast.
2246 2904 2335 2936 Lim-

738 2958 890 2989 purgen.,
909 2952 1040 2991 Spiren.
1055 2954 1100 2985 di.
1117 2954 1170 2994 (A.
1191 2956 1240 2992 14,
1259 2954 1282 2986 f.
1302 2956 1359 2987 150
1374 2955 1403 2992 ¹³5
1426 2955 1461 2986 V.
1478 2957 1527 2994 71,
1545 2964 1598 2995 ep.
1613 2957 1696 2996 221.)
