2566 3562
371 412 475 440 Datum
491 404 675 439 Avenione.

354 547 358 549 Α
407 513 448 540 26
464 512 532 539 maii
550 509 638 538 4321.

411 557 467 592 (vu
482 555 540 583 kal.
553 554 629 591 jun.)

430 600 460 626 T.
479 599 525 633 XI,
544 597 615 626 XIII.

482 670 516 699 Ut
536 678 560 698 s,

451 714 482 741 T.
505 713 584 740 XXX.

482 934 517 962 Ut
533 942 556 961 s.

457 979 488 1006 T.
510 978 579 1005 xvl.

479 1041 517 1069 Ut
536 1049 559 1068 s.

466 1086 497 1113 Τ.
518 1085 573 1112 XX.

482 1148 516 1176 Ut
532 1156 555 1175 s.

466 1193 496 1220 T.
516 1192 571 1219 XX.

482 1254 518 1281 Ut
539 1261 562 1280 s.

478 1412 514 1440 Ut
535 1420 558 1438 s.

404 1518 444 1546 27
461 1518 529 1545 maii
542 1516 630 1544 4321.

413 1562 455 1598 (v1
471 1561 530 1589 kal.
544 1561 620 1597 jun.)

343 1821 345 1823 Ι
477 1783 513 1810 Ut
534 1791 557 1810 s,

399 1828 430 1856 Τ.
445 1827 515 1861 XVI,
531 1827 627 1855 XVIII.

471 2101 509 2128 Ut
528 2109 551 2128 s.

416 2145 447 2172 T.
462 2145 521 2178 XII,
539 2146 607 2172 XIV.

473 2366 506 2393 Ut
526 2375 550 2394 s.

419 2411 449 2438 T.
468 2411 515 2445 xl,
534 2411 606 2439 xm.

471 2737 508 2764 Ut
526 2746 550 2765 s.

407 2781 439 2809 T.
455 2781 511 2815 XX,
531 2782 615 2810 XXII.

739 315 912 347 JOANNIS
934 313 1054 346 PAPAE
1074 312 1177 345 XXII.
1200 313 1451 354 (1816-1884).
1474 330 1513 336 —
1534 311 1721 344 LITTERAE
1743 311 1969 345 comus

812 502 947 535 13468.
966 522 1005 528 -
1020 504 1104 537 Ead.
1121 505 1231 545 gratia
1244 504 1280 536 in
1295 504 1375 536 eccl.
1389 503 1612 540 Rothnacen.,
1626 502 1843 536 cameracen.
1854 501 2040 540 caducaeo
2052 502 2137 536 dicto
2149 503 2254 546 Regin,
2264 511 2367 546 quar·

765 560 834 590 tam
847 559 978 598 partem
993 557 1128 598 paroch.
1151 557 1231 589 eccl.
1253 565 1280 588 s.
1298 547 1501 597 Walburgis
1523 550 1764 594 Alden'arden..
1787 556 1975 589 'ror-nacon.
1993 555 2055 595 di.,
2071 564 2148 597 quae
2163 564 2224 597 per
2238 565 2274 589 tv
2287 563 2365 589 oon·

765 611 876 643 suevit
893 610 972 651 gub.
992 612 1153 648 rectores,
1171 609 1348 642 obtinenti.
1368 628 1406 633 —
1423 609 1449 641 1.
1467 618 1496 642 e.
1516 618 1561 641 m.
1577 610 1616 641 ut
1632 617 1661 640 s.
1680 610 1734 648 (A.
1752 609 1802 647 15,
1819 609 1844 641 f.
1861 609 1923 642 458
1935 608 1951 631 ¹²
1961 619 1971 646 ;
1992 608 2030 641 V.
2048 610 2101 648 ¹¹12,
2117 617 2170 650 ep.
2190 609 2296 651 1517.)

811 661 947 694 13469.
967 680 1006 687 -
1021 663 1057 694 S.
1074 663 1160 694 Petri
1176 667 1206 694 et
1221 673 1247 695 e.
1264 662 1400 694 Bavom's
1427 661 1564 694 Ganden.
1584 666 1713 694 monast.
1731 660 1814 700 abb„
1833 661 2002 695 romam.
2015 661 2074 700 di.,
2089 671 2127 694 ac
2154 671 2237 705 maq.
2249 661 2368 695 Ioanne

764 717 801 748 do
816 717 928 755 Rocea,
956 727 1024 748 can.
1042 715 1255 758 Neapolitan„
1272 715 1386 748 mand.
1400 717 1438 748 ut
1465 715 1572 756 recipi
1587 715 1713 747 faciant
1727 715 1813 747 duas
1839 715 1973 756 puellas
1989 714 2173 753 litteratas,
2189 715 2367 748 nominan-

764 771 825 802 das
843 779 862 802 a
878 780 911 802 n.
928 779 959 802 v.
977 770 1127 802 Roberto
1143 769 1215 801 filio
1232 769 1368 802 comitis
1383 769 1565 807 Flandriae,
1583 777 1687 800 unam
1703 767 1862 800 videlicet
1879 768 1916 800 in
1929 768 1972 800 de
1986 767 2135 805 Billoka,
2153 769 2188 801 et
2202 768 2307 802 aliam
2324 769 2367 803 de

763 824 871 856 Bosco
889 824 989 864 juxta
1004 823 1205 856 Gandavum
1227 822 1457 860 monasteriis,
1479 822 1679 854 cistercien.
1695 821 1781 860 ord„
1799 821 1986 854 Tornacen.
2005 820 2052 854 di.
2067 821 2122 862 (A.
2139 822 2191 860 15,
2209 821 2234 854 f.
2253 822 2312 855 501
2328 826 2344 845 “
2354 831 2366 861 3

769 877 805 908 V.
823 878 873 912 72,
893 886 946 916 ep.
967 876 1075 917 1550.)

811 927 946 960 13470.
966 947 1005 953 -
1021 929 1062 961 N.
1082 939 1111 961 υ.
1126 929 1260 960 Roberto
1280 932 1354 959 nato
1369 938 1401 960 n.
1418 938 1448 959 υ.
1469 928 1587 959 comitis
1600 927 1759 960 Flandriae
1775 923 1938 968 indulget.
1967 929 2005 959 ut
2021 927 2145 960 habeat
2168 927 2227 960 alt.
2251 929 2368 969 porta-

762 983 834 1015 tile.
855 983 906 1022 (A.
924 985 975 1020 15,
994 983 1018 1014 f.
1033 984 1090 1015 501
1109 987 1143 1019 ⁸:
1164 982 1197 1013 V.
1215 984 1265 1018 72,
1279 991 1332 1022 ep.
1353 981 1455 1022 1551.)

811 1033 946 1066 13471.
962 1054 1001 1059 -
1016 1035 1093 1067 Eid.
1112 1035 1278 1076 indulget.
1294 1036 1331 1066 ut
1349 1035 1384 1066 in
1402 1034 1488 1066 locis
1504 1034 1685 1066 interdicto
1703 1034 1893 1075 suppositis
1908 1033 2025 1066 divina
2049 1033 2164 1067 officla
2185 1034 2296 1075 possit
2317 1034 2364 1067 ta·

763 1098 838 1120 cere
852 1089 1029 1120 celebrari.
1047 1089 1102 1130 (A.
1120 1091 1170 1127 15,
1185 1088 1208 1120 f.
1227 1090 1286 1121 501
1303 1093 1336 1126 ·;
1359 1088 1396 1119 V.
1414 1090 1464 1126 72,
1484 1096 1537 1128 ep.
1554 1089 1660 1127 1552.)

810 1139 946 1172 13472.
966 1160 1001 1165 -
1024 1141 1104 1174 Eid.
1121 1141 1284 1182 indulget.
1311 1143 1349 1173 ut
1365 1141 1508 1173 missam
1531 1142 1714 1182 antequam
1732 1140 1807 1173 dies
1832 1140 2010 1173 illucescat
2023 1141 2135 1181 possit
2149 1141 2259 1173 facere
2277 1140 2366 1174 cele-

763 1195 867 1226 brari.
882 1195 935 1234 (A.
953 1197 1002 1230 15,
1021 1195 1043 1226 f.
1060 1196 1118 1227 501
1138 1199 1173 1231 ⁸3
1197 1194 1230 1226 V.
1249 1195 1299 1231 72,
1315 1202 1367 1234 ep.
1388 1196 1491 1234 1553.)

809 1245 944 1278 13473.
968 1266 1000 1271 -
1016 1247 1120 1289 Praep.
1137 1247 1208 1279 eccl.
1223 1247 1264 1279 B.
1278 1247 1321 1278 M.
1341 1247 1492 1288 Bruqen„
1511 1247 1680 1278 Tornacen.
1697 1245 1754 1283 di.,
1773 1246 1876 1279 facul.
1892 1246 2098 1279 concedendi
2121 1247 2365 1285 tabellionatus

763 1302 818 1333 off.
845 1311 868 1332 11
883 1301 963 1332 cler.
992 1310 1059 1332 non
1088 1300 1289 1341 conjugatis,
1305 1309 1325 1332 a
1342 1309 1376 1331 n.
1393 1309 1424 1331 v.
1446 1300 1596 1332 Roberto
1625 1299 1748 1331 comite
1777 1299 1948 1331 Flandriae
1975 1299 2206 1332 nominandis.
2231 1300 2286 1339 (V.
2311 1301 2364 1338 70,

761 1355 785 1386 f.
802 1355 862 1386 309
879 1356 916 1394 a.)

809 1405 944 1437 13474.
965 1425 1003 1430 -
1016 1406 1093 1437 Eid.
1116 1406 1218 1438 facul.
1240 1406 1446 1438 concedendi
1461 1405 1591 1437 dictum
1608 1405 1664 1437 off.
1690 1415 1714 1437 u
1736 1405 1817 1437 cler.
1842 1414 1910 1438 non
1931 1405 2135 1447 conjugatis.
2157 1415 2178 1438 a
2192 1415 2227 1438 n.
2245 1415 2278 1438 v.
2292 1407 2364 1441 Ro-

761 1460 857 1492 berto
874 1461 958 1497 mil..
977 1462 1055 1492 nato
1070 1460 1222 1500 praedjcti
1238 1459 1386 1496 comitis,
1401 1459 1631 1491 nominandis.
1649 1458 1701 1498 (V.
1716 1461 1766 1495 71,
1786 1458 1811 1490 f.
1827 1460 1888 1492 309
1905 1460 1945 1498 ⁸.)

808 1511 942 1543 13475.
959 1531 998 1536 -
1013 1513 1098 1553 Epo
1114 1512 1225 1553 Regin.
1247 1521 1340 1544 conc.
1369 1512 1471 1544 facul.
1495 1512 1683 1552 recipiendi
1710 1512 1976 1552 resignationem
1991 1521 2010 1544 a
2025 1512 2210 1546 Guillelmo
2228 1513 2270 1546 de
2297 1513 2364 1549 Fo-

760 1567 864 1604 liano,
882 1567 1027 1606 archipr.
1055 1566 1166 1606 plebis
1188 1566 1229 1597 de
1253 1566 1380 1606 Bagno,
1405 1565 1527 1605 Regin.
1544 1565 1605 1600 di.,
1631 1564 1821 1597 faciendam
1836 1565 1878 1597 de
1899 1573 2020 1597 canon.
2045 1566 2078 1598 et
2093 1565 2197 1606 praeb.
2223 1575 2310 1607 quos
2325 1566 2364 1599 in

759 1620 923 1652 Mutinen.
949 1622 982 1651 et
1000 1619 1131 1659 maJori,
1147 1628 1185 1650 ac
1209 1628 1236 1650 s.
1253 1619 1414 1658 Prosperi
1439 1619 1480 1650 de
1496 1618 1645 1650 Castello
1670 1618 1792 1659 Regin.
1808 1618 1890 1650 eccl.
1914 1618 2057 1657 obtinet,
2072 1618 2235 1664 Ipsosque
2250 1619 2362 1652 oonte-

759 1674 855 1705 rendi
883 1682 972 1713 pers.
1000 1683 1019 1704 a
1036 1673 1175 1713 praefato
1192 1681 1225 1703 n.
1243 1681 1275 1704 v.
1292 1672 1448 1704 Guidone
1477 1672 1602 1704 Savina
1618 1672 1660 1703 de
1686 1671 1840 1710 Foliano,
1869 1671 1956 1710 mil„
1979 1672 2214 1704 nominandis.
2227 1673 2283 1714 (A.
2309 1674 2360 1714 15,

758 1728 781 1759 f.
803 1729 860 1759 114
877 1727 910 1764 ¹³3
933 1727 969 1758 V.
989 1728 1038 1763 72,
1056 1735 1108 1766 ep.
1125 1726 1211 1765 799.)

804 1778 938 1809 13476.
958 1798 994 1803 -
1013 1780 1134 1812 Collat.
1149 1788 1266 1810 canon.
1288 1779 1352 1810 sub
1367 1787 1463 1819 exsp.
1482 1778 1584 1818 praeb.
1602 1779 1683 1810 eccl.
1699 1778 1854 1818 Bajocen.
1875 1778 2008 1810 Girardo
2023 1778 2059 1809 de
2077 1778 2247 1810 emonem
2260 1787 2359 1822 prop·

757 1836 808 1865 ter
829 1842 997 1873 expensas
1019 1834 1125 1864 factas
1150 1833 1185 1863 in
1212 1832 1271 1863 lite
1297 1832 1413 1863 hahita
1431 1833 1548 1863 contra
1566 1840 1654 1872 mag.
1679 1831 1905 1863 Guillelmum
1926 1832 1967 1863 de
1988 1831 2107 1864 Insula
2132 1840 2236 1874 super
2253 1832 2361 1874 praeb.

758 1888 866 1927 ejusd.
881 1887 974 1921 eccl„
996 1889 1073 1926 post
1089 1886 1170 1917 obit.
1188 1886 1282 1917 Petri
1299 1886 1339 1917 de
1352 1885 1524 1917 Sabaudia
1535 1885 1568 1917 S.
1586 1886 1628 1916 A.
1644 1893 1716 1925 cap.
1737 1885 1805 1916 eid.
1819 1885 1964 1917 Girardo
1979 1893 1999 1916 a
2012 1885 2078 1917 ΡΡ.
2095 1885 2231 1924 collata,
2251 1895 2272 1918 a
2292 1894 2361 1928 qua

757 1941 872 1972 collat.
887 1940 1047 1979 praefatus
1072 1939 1279 1971 Guillelmus
1306 1939 1350 1970 ad
1364 1939 1398 1970 S.
1417 1939 1456 1969 A.
1476 1938 1661 1978 appellavit
1670 1948 1680 1975 ;
1697 1947 1764 1969 non
1783 1938 1870 1970 obst.
1887 1938 2052 1970 decanatu
2067 1939 2213 1971 Valeriae
2229 1947 2259 1971 c.
2278 1947 2307 1972 0.
2323 1939 2362 1972 in

757 1994 938 2030 Sedunen.‚
950 1995 982 2024 et
997 1993 1032 2023 in
1049 2002 1088 2023 ea
1100 2001 1137 2024 ac
1150 1993 1351 2028 Virdunen.‚
1369 1993 1469 2031 atque
1485 1992 1676 2023 Lausanen.
1697 1991 1776 2022 eccl.
1792 1999 1909 2023 canon.
1928 1993 1961 2023 et
1978 1991 2083 2031 praeh.
2096 1991 2150 2032 (Α.
2170 1993 2220 2028 15,
2239 1991 2359 2031 flul&

762 2047 797 2078 V.
816 2048 866 2083 72,
884 2056 936 2086 ep.
953 2047 1039 2085 808.)

804 2097 937 2130 13477.
959 2116 998 2121 -
1019 2099 1112 2129 Petro
1128 2098 1225 2136 Petri,
1245 2107 1318 2129 can.
1345 2097 1590 2134 Columbrien„
1606 2097 1770 2138 indulget.
1794 2099 1832 2129 ut
1849 2098 1939 2138 apud
1953 2098 1988 2130 S.
2006 2098 2048 2129 A.
2063 2106 2197 2130 moram
2219 2098 2360 2132 trahens

757 2154 888 2184 fructus
903 2153 1020 2192 presb„
1039 2161 1123 2191 quas
1140 2153 1174 2182 in
1192 2151 1437 2188 Columbrien.,
1454 2151 1672 2191 portugalen.
1688 2152 1721 2182 et
1741 2150 1946 2182 Ulixbonen.
1973 2151 2055 2183 eccl.
2073 2151 2215 2189 obtinet,
2229 2151 2360 2194 absque

756 2207 941 2238 residentia
956 2207 998 2237 ad
1012 2205 1200 2237 triennium
1221 2205 1395 2244 percipere
1414 2204 1536 2235 valeat.
1555 2221 1593 2226 —
1615 2204 1643 2236 Ι.
1661 2213 1692 2235 6.
1709 2212 1755 2235 m.
1773 2204 1814 2236 de
1841 2204 2030 2236 Ecclesiola
2051 2205 2085 2236 et
2105 2205 2147 2236 de
2173 2205 2274 2237 Boriz
2289 2214 2362 2238 mo·

756 2262 844 2291 nast.
862 2259 1045 2299 prioribus,
1070 2267 1129 2298 per
1145 2258 1278 2298 priores
1300 2257 1477 2289 solitorum
1502 2257 1596 2297 gub..
1614 2257 1833 2297 Portugalen.
1859 2259 1892 2289 et
1907 2257 2110 2291 Bracharen.
2131 2258 2189 2296 di.,
2214 2267 2252 2290 ac
2269 2267 2359 2301 mag.

754 2314 860 2345 Gozio
878 2313 919 2343 de
933 2312 1100 2349 Arimino,
1122 2320 1193 2342 can.
1211 2311 1457 2348 Ravennatem,
1476 2310 1543 2341 ΡΡ.
1561 2319 1634 2350 cap.
1649 2310 1703 2351 (Α.
1721 2312 1770 2348 15,
1789 2310 1814 2342 f.
1829 2312 1870 2343 66
1885 2316 1899 2332 ⁸
1908 2320 1919 2348 ;
1941 2310 1978 2342 V.
1997 2312 2047 2349 ⁷2,
2066 2319 2119 2352 ep.
2135 2311 2223 2352 810.)

801 2363 936 2395 13478.
955 2384 992 2388 -
1009 2365 1086 2396 Eid.
1102 2373 1197 2404 prov.
1218 2373 1335 2395 canon.
1356 2363 1419 2395 sub
1435 2372 1530 2403 exsp.
1546 2363 1649 2404 praeb.
1667 2363 1749 2395 eccl.
1766 2363 1940 2401 Elboren.,
1957 2373 2026 2396 non
2041 2364 2128 2397 obst.
2144 2365 2284 2405 quodin
2296 2365 2360 2399 Co·

754 2419 939 2456 limbrien.,
966 2418 1183 2458 Portugalen.
1202 2418 1235 2449 et
1258 2417 1464 2450 Ulixbonen.
1491 2425 1609 2448 canon.
1627 2418 1660 2448 et
1675 2416 1793 2457 praeb.‚
1811 2419 1844 2448 et
1865 2417 1901 2448 in
1918 2418 2120 2449 Bracharen.
2137 2418 2218 2450 eccl.
2237 2426 2358 2451 canem

754 2472 818 2504 sub
833 2481 930 2512 exsp.
944 2471 1047 2511 praeb.
1066 2471 1228 2508 obtineat,
1246 2472 1279 2502 et
1295 2470 1331 2501 in
1345 2470 1417 2502 ead.
1436 2469 1657 2502 Colimbrien.
1675 2470 1756 2502 eccl.
1775 2470 1880 2511 dign„
1906 2479 1967 2502 seu
1984 2472 2206 2511 personatum
2231 2471 2286 2504 vel
2301 2472 2360 2505 off.

754 2535 781 2557 c.
798 2535 826 2557 c.
843 2526 896 2556 vel
924 2535 951 2556 s.
970 2534 997 2556 0.
1015 2526 1102 2556 auct.
1123 2526 1232 2564 apost.
1264 2525 1430 2563 expectet,
1447 2525 1505 2555 aut
1535 2524 1625 2564 quod
1653 2523 1688 2554 in
1712 2523 1860 2555 diversis
1883 2524 1966 2555 eccl.
1994 2519 2150 2556 redditus
2166 2524 2359 2560 ecclesiast.

754 2578 989 2618 praestimonia
1014 2578 1200 2618 vulgariter
1225 2579 1449 2617 nuncupatos.
1467 2577 1540 2617 (100
1555 2577 1628 2608 flor.
1643 2576 1745 2615 auri),
1767 2575 1929 2609 obtineat.
1947 2595 1985 2600 —
1999 2577 2026 2608 Ι.
2044 2586 2075 2609 6.
2090 2585 2137 2608 m.
2153 2586 2231 2618 ep.o
2245 2578 2360 2619 Egita-

754 2632 857 2668 nien.,
873 2632 905 2663 et
922 2640 1010 2671 mag.
1027 2631 1127 2663 Gotio
1143 2630 1350 2671 supradicto,
1369 2639 1407 2661 ac
1420 2630 1544 2661 Joanni
1562 2629 1751 2669 Michaelis,
1768 2638 1842 2662 can.
1861 2629 2066 2662 Ulixbonen.
2089 2630 2141 2671 (A.
2163 2632 2214 2670 15,
2230 2631 2254 2663 f.
2269 2633 2310 2665 55
2324 2636 2358 2670 ⁸;

759 2685 795 2716 V.
815 2686 865 2722 72,
883 2694 935 2724 ep.
954 2685 1039 2723 811.)

800 2735 934 2767 13479.
953 2754 992 2759 -
1017 2736 1093 2768 Eid.
1109 2737 1329 2769 remittuntur
1353 2736 1485 2768 fructus
1507 2736 1690 2768 decanatus
1717 2736 1798 2768 eccl.
1824 2736 2046 2769 Colimbrien.
2063 2745 2165 2777 quem
2178 2739 2258 2778 post
2271 2737 2359 2770 obit.

753 2790 930 2823 Guillelmi
945 2791 986 2822 de
1003 2799 1030 2822 s.
1048 2790 1154 2828 Jorio,
1171 2791 1246 2821 tum
1257 2789 1290 2821 S.
1309 2790 1351 2822 A.
1367 2789 1491 2827 nuntii,
1510 2789 1577 2820 sibi
1593 2789 1740 2821 conferri
1755 2789 1835 2821 fecit
1853 2789 1978 2822 virtute
1993 2790 2110 2830 gratiae
2126 2798 2221 2831 exsp.
2249 2791 2357 2832 dign„

753 2845 955 2883 personatus
973 2852 1034 2875 seu
1061 2844 1116 2875 off.
1132 2852 1159 2875 0.
1177 2852 1205 2875 0.
1221 2843 1276 2874 vel
1295 2851 1323 2874 s.
1340 2851 1368 2874 0.
1385 2843 1421 2874 in
1444 2843 1534 2874 dicta
1547 2842 1700 2883 eccl-ipsi
1726 2851 1834 2882 nuper
1849 2851 2029 2879 concessae.
2046 2851 2122 2884 quoe
2135 2843 2172 2875 in
2188 2844 2289 2884 pleno
2303 2852 2358 2876 ro·

753 2896 834 2928 bore
852 2899 1060 2936 permaneat.
1081 2914 1117 2920 —-
1135 2897 1160 2928 I.
1179 2905 1208 2928 6.
1228 2905 1273 2927 m.
1289 2896 1396 2936 priori
1412 2897 1557 2927 monast.
1575 2904 1603 2927 s.
1620 2895 1740 2927 Crucis
1759 2895 1998 2934 Colimbrien.,
2014 2904 2076 2936 per
2096 2896 2246 2936 priorem
2265 2897 2358 2929 soliti
2410 2916 2413 2918 -

753 2949 844 2989 gub„
855 2952 887 2981 et
902 2959 989 2990 mag.
1003 2950 1105 2982 Gotio
1120 2949 1296 2990 praedicto,
1313 2957 1351 2981 ac
1365 2949 1546 2997 Francisco
1562 2949 1747 2986 Dominici,
1762 2957 1835 2981 can.
1853 2948 2072 2990 portugalen.
2086 2949 2140 2990 (A.
2151 2951 2202 2989 15,
2214 2950 2238 2981 f.
2252 2951 2312 2983 16⁴
2323 2950 2354 2987 ἠ

759 3002 794 3033 V.
815 3004 864 3040 72,
884 3011 936 3042 ep.
953 3004 1038 3042 812.)
