2566 3562
229 458 332 486 Datum
345 453 528 488 Avenione.

203 719 278 755 2(v1
294 719 443 756 non.)jul.
461 721 547 749 1320.

190 1038 218 1066 -5
231 1040 276 1074 (ιιι
289 1038 370 1075 non.)
384 1039 442 1074 jul.
459 1040 548 1068 1320.

333 1252 369 1280 Ut
389 1261 412 1282 ε.

331 1411 366 1440 Ut
385 1420 409 1441 s.

197 1786 216 1815 9
229 1787 286 1824 (vn
300 1788 351 1823 id.)
363 1788 422 1823 jul.
442 1787 530 1817 1320.

327 2001 362 2030 Ut
381 2010 406 2030 s,

191 2375 228 2402 ιο
244 2375 286 2408 (w
301 2375 353 2410 id.)
368 2376 426 2411 Juz.
442 2377 530 2406 1320.

320 2642 356 2670 Ut
376 2651 400 2671 s.

316 2748 353 2776 Ut
371 2756 385 2776 ε

189 2851 228 2880 12
240 2852 283 2889 (iv
299 2853 351 2888 id.)
360 2854 418 2889 J'ul.
441 2854 517 2883 4320

611 368 784 399 JOANNIS
807 369 925 400 PAPAE
947 369 1049 400 XXII.
1074 371 1321 409 (1316-1334).
1344 388 1382 393 -
1405 371 1590 402 LITTERAE
1615 372 1666 403 DE
1688 372 1814 404 CURIA
2164 378 2223 409 165

622 561 759 593 inducat
776 563 812 593 ut
829 571 847 593 a
861 563 1050 602 praemissis
1068 563 1235 595 desistant
1254 564 1359 595 donec
1379 573 1440 604 per
1460 565 1493 596 S.
1517 566 1557 597 A.
1579 566 1677 597 aliter
1694 567 1795 598 suerit
1809 567 2013 600 ordinatum.
2029 587 2066 592 —
2078 570 2105 601 Ι.
2124 579 2153 602 e.
2173 579 2218 602 m.

622 614 783 646 scribitur
802 615 928 647 vicario
950 616 1018 656 ep.i
1042 617 1266 652 Avenionen.‚
1291 617 1461 657 archiep.0
1481 619 1653 650 Arelaten.
1679 619 1820 660 ejusque
1842 621 2077 662 suffraganeis.
2095 623 2150 663 (V.
2166 626 2218 662 70,

622 676 674 708 ep.
694 670 744 705 73,
756 668 793 699 de
803 678 887 705 σωκ,
904 669 1086 709 Raynaldi,
1098 669 1234 700 Annales
1247 670 1454 706 ecclesiastici,
1467 673 1556 708 1320,
1569 672 1584 711 ξ
1599 673 1700 709 ΧΧΙ;
1714 672 1844 711 Coulon,
1861 683 1894 705 n.
1908 676 1997 713 1107,
2011 677 2100 714 1111,
2113 678 2217 716 1113.)

667 718 801 750 12192.
819 739 858 744 -
873 721 954 762 May.
973 721 1135 763 Raynaldo
1150 722 1186 753 de
1199 723 1235 753 S.
1255 723 1427 760 Artkemia,
1447 725 1573 754 ducatus
1589 724 1750 765 Spoletan.
1769 727 1890 764 rectori,
1909 728 2021 760 mand.
2037 731 2074 760 ut
2088 730 2129 760 ad
2145 739 2218 761 cas-

619 774 710 805 trum
737 774 776 805 de
800 775 938 806 Cerreto
961 783 997 806 se
1016 775 1241 814 personaliter
1258 776 1408 807 conferat
1430 778 1463 807 et
1487 785 1547 816 per
1571 785 1607 808 se
1625 778 1678 808 vel
1696 787 1755 818 per
1773 779 1878 810 alium
1896 782 1992 812 caute
2008 781 2157 822 inquirat
2175 783 2215 815 de

620 825 824 866 quibusdam
841 827 992 858 falsariis
1013 828 1205 859 litterarum
1222 829 1496 868 apostolicarum,
1515 830 1572 869 qui
1589 830 1747 862 dicuntur
1763 831 1811 862 ibi
1829 834 1955 864 morari
1976 834 2101 874 quique
2117 835 2215 867 falsis

618 878 916 918 praedicationibus
936 881 969 911 et
988 880 1210 920 indulgentiis
1227 881 1389 920 pecunias
1415 890 1433 912 a
1453 882 1612 913 fidelibus
1633 884 1834 923 extorquent
1842 895 1852 921 ;
1878 885 1971 924 ipsos
1988 888 2101 918 autem
2119 890 2215 920 caute

619 932 728 971 capiat
745 933 777 963 et
793 932 937 964 fideliter
952 933 1115 964 custodiri
1130 933 1231 965 faciat
1244 943 1420 974 quousque
1435 935 1527 965 aliud
1541 936 1705 975 receperit
1720 937 1754 967 in
1768 938 1948 969 mandatis.
1963 939 2015 979 (V.
2030 941 2079 974 70,
2095 949 2146 980 ep.
2163 944 2213 978 94,

617 983 654 1015 de
671 984 753 1025 cur.)

663 1034 799 1067 12193.
816 1056 854 1061 -
873 1039 1003 1070 Littera
1023 1039 1064 1070 de
1084 1048 1203 1071 securo
1223 1040 1389 1071 conductu
1409 1040 1539 1071 Mathaeo
1562 1041 1740 1072 Vicecomz'ti
1759 1043 1800 1074 de
1823 1043 2014 1076 Mediolano
2028 1045 2081 1076 vel
2097 1055 2214 1086 procu-

616 1091 718 1122 ratori
736 1100 797 1123 suo
816 1091 1031 1124 venientibus
1049 1093 1090 1124 ad
1107 1093 1266 1124 mandata
1284 1093 1374 1125 Eccl.
1393 1094 1568 1125 Romanae.
1583 1112 1623 1117 -
1638 1095 1723 1126 Item
1743 1104 1804 1134 pro
1822 1095 1984 1137 Raynaldo
2004 1097 2085 1128 dicto
2103 1099 2213 1130 Passa-

614 1143 682 1174 rino
696 1143 732 1175 de
747 1143 875 1176 Mantua
893 1150 921 1176 et
939 1145 1022 1177 Cane
1037 1145 1074 1176 de
1090 1145 1119 1176 Ia
1133 1145 1228 1176 Scala
1243 1146 1461 1178 venientibus
1479 1147 1520 1178 ad
1536 1148 1648 1179 mand.
1665 1148 1754 1179 Eccl.
1773 1150 1946 1181 Romanae.
1959 1150 2013 1190 (V.
2027 1152 2077 1189 70,
2092 1160 2145 1192 ep.
2161 1155 2213 1191 96,

614 1196 650 1227 de
666 1197 747 1237 cur.)

660 1248 796 1280 12194.
818 1269 857 1275 -
877 1253 987 1284 Datur
1004 1252 1118 1284 littera
1140 1253 1181 1284 de
1203 1261 1322 1284 securo
1338 1253 1504 1285 conductu
1525 1264 1605 1294 may.
1627 1254 1744 1285 Joarmi
1764 1255 1800 1286 de
1819 1255 1940 1286 Solerio
1961 1265 2032 1288 can.
2056 1258 2212 1290 Herefor·

613 1303 701 1342 den.‚
720 1305 760 1336 A.
783 1305 818 1338 S.
842 1306 978 1343 nuncio,
999 1315 1016 1338 e
1038 1305 1193 1346 partibus
1213 1306 1435 1347 Portugalliae
1453 1307 1495 1338 ad
1515 1308 1640 1338 dictam
1662 1308 1777 1339 sedem
1799 1309 1954 1340 redeunti
1974 1319 2050 1341 cum
2073 1311 2211 1351 quibus-

612 1357 689 1389 dam
702 1357 803 1390 bonis
819 1360 851 1390 et
870 1358 972 1391 rebus
988 1360 1030 1390 ad
1048 1368 1122 1391 eam
1140 1359 1383 1400 spectantibus.
1402 1360 1457 1400 (V.
1475 1362 1525 1398 70,
1542 1369 1594 1400 ep.
1611 1363 1661 1398 97,
1679 1361 1715 1392 de
1730 1361 1810 1401 cur.)

658 1409 792 1441 12195.
811 1430 850 1435 —
864 1412 950 1453 May.
968 1412 1127 1444 Gue'tlelmo
1140 1412 1177 1444 de
1195 1412 1332 1450 Balaeco,
1351 1413 1469 1444 archid.
1487 1413 1696 1455 Forojulien.,
1715 1414 1782 1446 PP.
1799 1425 1881 1456 cap.‚
1899 1415 1982 1447 civit.
2000 1416 2208 1449 Beneventan.

611 1465 736 1504 rectori,
756 1466 869 1497 mand.
895 1467 932 1497 ut
954 1475 1029 1498 cum
1049 1466 1275 1507 prudentibus
1290 1467 1375 1498 viris
1393 1467 1433 1499 de
1451 1467 1576 1507 quibus
1595 1468 1662 1499 sibi
1680 1467 1850 1500 videbitur
1868 1469 2008 1509 recipiat
2025 1471 2207 1503 eonsilium

610 1518 645 1549 in
662 1527 728 1559 quo
749 1519 823 1551 loco
843 1520 953 1560 possit
970 1520 1130 1552 aedificari
1153 1516 1302 1552 castrum
1319 1520 1354 1552 in
1370 1520 1463 1552 civit.
1479 1521 1724 1558 Beneventan,r
1738 1523 1853 1553 utrum
1868 1523 1903 1553 in
1918 1524 2124 1556 monasterio
2140 1533 2209 1557 mo-

610 1572 752 1604 nialium
771 1573 804 1605 S.
828 1574 873 1604 M.
897 1574 1141 1612 Beneventan.,
1161 1574 1202 1606 Ο.
1223 1574 1258 1606 S.
1275 1575 1327 1610 B„
1345 1574 1387 1605 ad
1402 1574 1443 1606 R.
1461 1574 1500 1605 E.
1517 1574 1641 1614 pertin,
1660 1575 1713 1605 vel
1729 1574 1824 1612 alibi,
1845 1577 1877 1606 et
1894 1575 2053 1608 informet
2070 1586 2105 1608 se
2122 1577 2209 1610 bene

610 1634 648 1657 ac
663 1626 828 1658 rescribat
844 1627 947 1658 etiam
961 1636 1003 1658 an
1021 1628 1166 1659 monast.
1185 1627 1383 1658 monialium
1396 1636 1424 1658 s.
1440 1627 1533 1659 Petri
1548 1628 1791 1664 Beneventan„
1806 1629 1847 1659 ad
1862 1629 1902 1660 R.
1918 1629 1956 1660 F..
1972 1630 2108 1669 pertin,
2126 1630 2207 1663 dicti

610 1679 693 1716 ord.,
714 1680 756 1711 ad
780 1680 868 1720 quod
887 1681 1055 1712 moniales
1079 1681 1224 1712 monast.
1243 1681 1277 1712 S.
1296 1681 1340 1711 M.
1362 1681 1541 1712 transferri
1562 1680 1751 1719 debuerint,
1777 1690 1836 1720 pro
1859 1682 2038 1722 utriusque
2060 1686 2206 1716 monast.

555 1738 559 1740 “
609 1733 816 1765 monialibus
834 1734 878 1765 sit
897 1743 1013 1774 capax.
1033 1734 1087 1773 (V.
1102 1735 1153 1772 70,
1169 1743 1222 1774 ep.
1239 1735 1290 1771 98,
1308 1733 1344 1765 de
1361 1734 1440 1774 cur.)

655 1783 789 1816 12196.
806 1805 845 1810 -
861 1787 1033 1818 Berlrando
1046 1798 1070 1819 s.
1084 1787 1224 1818 Marcelli
1235 1787 1337 1828 presb.
1353 1787 1450 1824 card,
1465 1787 1504 1818 Α.
1521 1787 1555 1818 S.
1572 1787 1682 1828 leqato,
1698 1788 1810 1819 mand.
1826 1789 1863 1819 ut
1877 1789 2013 1820 nunciet
2024 1798 2085 1828 per
2097 1791 2206 1822 terras

608 1849 677 1872 suae
691 1841 872 1881 legationis
891 1841 981 1881 quod
1001 1841 1218 1872 interdictum
1235 1841 1384 1881 positum
1410 1841 1444 1871 in
1462 1842 1562 1872 terris
1580 1841 1790 1872 Lombardiae
1810 1841 2046 1873 obedientibus
2061 1843 2205 1875 Mathaeo

606 1894 820 1931 Vicecomiti,
848 1894 975 1926 vicario
999 1894 1092 1926 civit.
1114 1895 1353 1932 Mediolanen.,
1371 1894 1430 1934 qui
1451 1894 1486 1925 in
1507 1903 1569 1925 suo
1588 1895 1642 1925 off.
1661 1895 1777 1934 plures
1799 1895 2006 1935 perpetravit
2029 1903 2204 1932 excessus,

607 1956 674 1979 non
688 1948 911 1987 apprehendit
926 1957 962 1979 se
980 1947 1206 1979 subducentes
1223 1948 1264 1978 ab
1284 1947 1476 1979 obedientia
1493 1947 1574 1978 dicti
1593 1947 1737 1979 Mathaei.
1757 1948 1811 1988 (V.
1829 1949 1879 1986 70,
1897 1957 1949 1988 ep.
1964 1950 2016 1986 95,
2033 1949 2068 1979 de
2085 1951 2164 1988 cur.)

653 1998 786 2030 12197.
805 2019 842 2024 --
857 2001 970 2032 Mand.
987 2000 1046 2032 eid.
1061 2001 1151 2041 quod
1166 2009 1226 2041 per
1240 2010 1275 2032 se
1292 2001 1346 2032 vel
1362 2001 1467 2032 alium
1481 2009 1541 2032 seu
1555 2001 1641 2032 alios
1654 2001 1833 2032 denunciet
1849 2001 2023 2039 officiales,
2040 2002 2204 2042 populum

605 2055 638 2086 et
661 2063 838 2086 commune
857 2055 949 2086 civit.
967 2055 1131 2086 Mutinen.
1152 2063 1269 2086 omnes
1291 2054 1476 2086 sententias
1496 2055 1670 2085 contentas
1694 2054 1728 2085 in
1748 2054 1965 2094 processibus
1983 2055 2065 2086 olim
2089 2057 2205 2087 contra

605 2117 663 2139 eos
684 2117 744 2148 per
766 2108 798 2139 b.
823 2117 869 2139 m.
892 2109 1103 2140 Clementem
1123 2108 1162 2139 P.
1188 2108 1225 2139 P.
1250 2109 1280 2140 V
1295 2107 1421 2139 habitis
1442 2116 1484 2139 ex
1504 2116 1543 2138 eo
1560 2107 1650 2147 quod
1673 2109 1789 2139 contra
1806 2108 2049 2147 Raymundum
2068 2108 2204 2140 Attonis

604 2162 644 2193 de
662 2162 813 2202 Aspello‚
830 2163 910 2194 tunc
929 2162 1087 2194 Marchiae
1105 2162 1304 2194 Anconitan.
1322 2162 1500 2199 rectorem,
1512 2161 1602 2192 Eccl.
1622 2161 1783 2193 Romanae
1801 2161 1995 2199 officialem,
2010 2161 2202 2194 insurrexe-

603 2216 692 2253 runt,
705 2223 783 2246 eum
798 2215 896 2246 bonis
911 2215 1022 2255 ipsius
1037 2215 1117 2246 eccl.
1131 2215 1310 2255 spoliando
1325 2216 1357 2246 et
1370 2214 1616 2252 interficiendo,
1628 2214 1826 2250 incurrisse,
1839 2215 1872 2246 et
1884 2223 1942 2246 eos
1961 2214 2061 2246 faciat
2074 2215 2202 2246 denun-

603 2269 686 2300 ciari
707 2268 827 2300 diebus
852 2269 1033 2300 dominicis
1053 2269 1086 2300 et
1107 2268 1254 2304 festivis,
1276 2269 1413 2300 easdem
1437 2268 1623 2299 sententias
1643 2267 1731 2299 sicut
1752 2267 1912 2308 expedire
1940 2268 2062 2299 viderit
2083 2268 2202 2299 durius

603 2323 826 2363 aggravando.
846 2322 898 2363 (V.
916 2324 965 2358 70,
984 2331 1036 2362 ep.
1057 2323 1125 2360 187,
1143 2322 1181 2353 de
1195 2324 1273 2361 cur.)

648 2372 784 2405 12198.
803 2392 838 2397 -
853 2375 965 2406 Eidem
981 2376 1134 2415 potestas
1148 2375 1325 2407 relaxandi
1342 2375 1558 2406 interdictum
1575 2375 1607 2405 et
1623 2373 1792 2414 quaslibet
1807 2374 1891 2404 alias
1908 2373 2096 2404 sententias
2112 2374 2198 2404 auct.

603 2430 710 2469 apost.
731 2429 881 2469 prolatas
907 2430 941 2460 in
965 2428 1174 2460 adhaerentes
1197 2430 1229 2460 et
1247 2428 1397 2460 fautores
1421 2429 1524 2459 Canis
1544 2428 1584 2458 de
1602 2427 1636 2458 la
1657 2427 1764 2464 Scala,
1789 2426 1847 2466 qui
1873 2426 2072 2458 vicariatum
2092 2426 2146 2457 off.
2165 2426 2199 2456 in

601 2483 694 2514 civit.
713 2484 881 2515 Veronen.
900 2483 1027 2523 absque
1044 2482 1079 2514 S.
1098 2482 1140 2513 A.
1159 2482 1307 2519 licentia,
1325 2481 1469 2522 imperio
1487 2482 1640 2512 Romano
1655 2489 1740 2517 vac„
1759 2479 1910 2516 retinuit,
1929 2479 2009 2510 dum
2026 2480 2139 2510 tamen
2157 2478 2198 2510 ab

601 2536 676 2577 ejus
692 2535 886 2568 obedientia
900 2538 933 2568 et
951 2536 1090 2576 sequela
1107 2535 1311 2567 recesserint
1325 2535 1399 2566 sine
1415 2534 1549 2570 fraude;
1568 2536 1601 2564 in
1617 2542 1682 2573 quo
1698 2542 1778 2564 casu
1795 2533 1829 2563 in
1848 2532 2027 2563 interdicto
2044 2531 2194 2563 relaban-

600 2591 667 2622 tur.
685 2589 736 2629 (V.
756 2591 807 2626 70,
824 2598 877 2630 ep.
898 2591 966 2627 105,
986 2589 1023 2620 de
1038 2590 1119 2629 cur.)

647 2640 781 2673 12199.
805 2660 843 2665 -
863 2642 974 2674 Eidem
997 2642 1124 2674 similis
1146 2643 1297 2682 potestas
1321 2641 1432 2681 quoad
1456 2640 1663 2672 adhaerentes
1689 2638 1867 2678 Raynaldo
1891 2637 1978 2669 dicto
1999 2637 2195 2669 Passarino.

602 2696 653 2737 (V.
671 2698 720 2732 70,
738 2705 790 2736 ep.
809 2697 878 2734 106,
896 2696 932 2727 de
948 2696 1029 2735 cur.)

647 2747 782 2780 12200.
803 2766 842 2772 -
857 2749 967 2780 Eidem
987 2749 1113 2780 similis
1136 2749 1286 2788 potestas
1308 2747 1418 2787 quoad
1443 2746 1650 2778 adhaerentes
1672 2744 1813 2776 Mathaeo
1835 2742 2050 2775 Vicecomiti.
2078 2742 2128 2781 (V.
2145 2744 2193 2780 70,

600 2811 652 2843 ep.
673 2804 742 2840 107,
761 2802 797 2833 de
812 2804 890 2839 cur.)

645 2852 779 2884 12201.
803 2873 842 2878 -
861 2855 947 2896 Ep.o
963 2855 1147 2886 Bononien.
1166 2853 1278 2884 mand.
1298 2854 1334 2884 ut
1352 2852 1492 2892 recipiat
1509 2851 1739 2891 Juramentum
1766 2849 1901 2880 nomine
1924 2848 2025 2888 Papae
2048 2850 2081 2879 et
2103 2848 2191 2879 Eccl.

599 2909 760 2940 Romanae
776 2917 795 2939 a
811 2917 899 2948 mag.
917 2908 1099 2948 Aymerico
1121 2907 1161 2938 de
1177 2905 1391 2942 Castrolucii‚
1409 2904 1590 2945 provinciae
1604 2902 1836 2935 Romandiolae
1852 2910 1889 2933 ac
1905 2901 2085 2933 comitatus
2101 2902 2192 2932 Bret-

597 2961 721 2993 tenorii
748 2963 780 2993 et
804 2961 1086 3001 pertinentiarum
1114 2959 1224 2999 ipsius
1245 2960 1384 2995 rectore,
1410 2958 1499 2997 quod
1517 2956 1693 2996 praet'atum
1712 2955 1862 2996 regimen
1884 2954 1950 2986 sibi
1972 2954 2192 2986 commissum

597 3014 742 3046 fideliter
761 3013 931 3045 exercebit
953 3013 1008 3054 (V.
1031 3014 1081 3050 70,
1105 3021 1156 3052 ep.
1185 3013 1253 3048 113,
1275 3011 1311 3041 de
1332 3021 1403 3049 cur;
1424 3010 1579 3047 'l'heiner,
1608 3008 1711 3040 Codex
1729 3007 1960 3049 diplomaticus,
1981 3009 2005 3039 t.
2025 3007 2051 3045 I,
2070 3015 2101 3047 p.
2119 3009 2190 3045 495,

597 3067 671 3098 doc.
690 3067 836 3106 DCLV.)
