2566 3562
315 336 374 366 310

350 425 451 451 Datum
468 420 650 453 Avem'one.

387 630 427 657 20
439 629 504 664 jun.
519 629 607 657 1321.

391 678 445 709 (xu
460 674 519 701 kal.
533 674 602 710 jul.)

445 719 475 747 T.
491 719 548 746 ΧΙΙ.

460 790 493 818 Ut
513 798 536 817 s.

460 949 496 977 Ut
516 957 540 976 s.

382 1215 420 1242 21
432 1215 499 1250 jun.
519 1215 606 1242 1321.

395 1260 438 1295 (zu
454 1259 513 1287 kal.
527 1259 596 1296 jul.)

424 1304 454 1331 Τ.
476 1305 569 1331 xxvl.

385 1961 425 1988 22
436 1961 500 1995 jun.
522 1961 609 1988 1321.

401 2006 430 2040 (x
455 2005 591 2041 kahjul.)

455 2067 490 2094 Ut
508 2075 532 2094 s.

433 2111 463 2136 T.
486 2111 554 2137 xvi.

455 2278 490 2305 Ut
510 2286 533 2304 s.

441 2322 471 2348 T.
490 2322 544 2348 XX.

376 2596 416 2623 25
429 2596 496 2630 jun.
517 2596 603 2623 1321.

384 2643 439 2675 (vn
457 2641 516 2667 kal.
530 2640 599 2676 jul.)

393 2685 423 2711 T.
438 2685 496 2716 xn.
511 2685 580 2712 XIV.

449 2808 485 2835 Ut
504 2816 527 2836 s.

452 2967 485 2994 Ut
506 2976 527 2994 S.

695 331 868 363 JOANNIS
891 330 1009 362 PAPAE
1030 330 1121 362 XXII
1154 331 1405 371 (1316-1884).
1427 349 1466 356 —
1487 330 1674 363 LITTERAE
1696 331 1921 364 COMMUNRS

736 519 788 558 t.)‚
814 519 848 550 in
872 519 964 551 civit.
984 519 1038 551 vel
1061 519 1106 550 di.
1132 518 1280 557 Albion..
1297 519 1422 560 pertin.
1439 519 1481 551 ad
1498 518 1610 551 collat.
1625 519 1706 559 ep.i.
1725 536 1763 542 —
1779 519 1806 551 I.
1823 527 1854 551 e.
1873 527 1918 551 m.
1933 522 1971 551 ut
1989 527 2017 551 s.
2042 519 2096 559 (Α.
2117 521 2166 557 15,
2183 520 2208 552 f.
2226 522 2282 554 181
2299 526 2333 558 ·;

742 573 778 604 V.
835 595 843 609 ‚
905 596 911 603 .
969 574 999 603 9.

783 574 906 656 ἕζθξὲ
927 574 973 651 ῩΞ
987 572 1082 657 Ιῖεινο
1093 625 1252 667 αι·ε1υέρ.ο
1264 626 1383 668 Aquen.
1399 625 1593 666 assignatur
1607 625 1763 666 pallium.
1774 625 1828 666 (A.
1845 626 1895 661 15,
1913 625 1935 658 f.
1951 626 2049 663 216·;
2069 625 2106 657 V.
2117 627 2168 666 72,
2183 634 2236 668 ep.
2246 626 2336 668 921.)

781 783 914 815 13673.
938 804 976 809 -
992 785 1113 817 collat.
1129 793 1247 816 canon.
1261 784 1326 816 sub
1340 792 1435 824 exsp.
1451 783 1554 824 praeb.
1570 783 1651 816 eccl.
1669 784 1784 815 saecul.
1801 784 1883 816 eccl.
1900 784 2098 823 Dauraten.,
2115 785 2332 818 Lemovicen.

735 840 795 876 di..
812 840 904 870 Petro
923 839 958 870 de
981 838 1087 870 Fonte.
1105 855 1142 862 —-
1159 838 1186 870 Ι.
1203 847 1232 870 e.
1248 846 1295 869 m.
1313 837 1391 869 abb.
1408 839 1552 869 monast.
1573 846 1600 868 s.
1620 837 1773 875 Martini,
1791 839 1824 869 et
1838 838 1964 869 decano
1979 846 2017 870 ac
2033 837 2161 870 archid.
2176 838 2335 871 Mal-chin

734 894 815 925 eccl.
833 893 1045 924 Lemovicen.
1063 891 1115 930 (A.
1135 893 1184 926 15.
1205 892 1228 922 f.
1245 892 1303 923 118
1319 890 1350 930 Ι>;
1373 890 1407 922 V.
1423 892 1474 928 72,
1492 899 1544 931 ep.
1556 892 1643 928 951.)

778 946 789 958 '
810 942 946 976 13674.
965 964 1003 968 -
1019 944 1187 986 Archicp.o
1198 943 1399 976 Caneuarien.
1413 945 1539 985 ejusque
1550 944 1759 985 wffraqaneis
1770 944 1884 976 mand.
1899 945 1937 975 ut
1945 944 2138 976 detentores
2151 943 2332 983 bonorum,

734 1009 808 1040 quae
826 1000 961 1030 fuerant
980 998 1051 1030 ord.
1069 997 1194 1038 quond.
1211 997 1344 1029 militiae
1361 997 1508 1037 Templi,
1526 997 1689 1037 hospitali
1708 1005 1736 1028 s,
1753 997 1897 1029 Joannis
1918 997 2187 1029 Jerosolimitani
2205 1006 2226 1030 a
2239 998 2273 1030 S.
2290 998 2333 1030 A.

734 1060 984 1089 concessorum,
1001 1051 1084 1082 etin
1109 1059 1227 1082 eorum
1251 1050 1344 1082 civit.
1362 1052 1395 1082 et
1413 1050 1458 1081 di.
1478 1050 1753 1088 consistentium,
1772 1050 1815 1082 ad
1841 1049 2094 1082 restitutionem
2115 1050 2332 1091 compellant.

734 1124 771 1129 —
785 1106 811 1137 Ι.
829 1115 858 1137 e.
875 1114 921 1137 m.
943 1104 1115 1144 archiep.o
1133 1104 1318 1135 Eboracen.
1338 1103 1479 1144 eJ'usque
1495 1103 1732 1143 suffraganeis.
1751 1103 1806 1142 (A.
1822 1104 1873 1142 15,
1893 1103 1916 1135 f.
1936 1104 1995 1136 193
2013 1107 2027 1124 ⁸
2043 1105 2076 1136 et
2093 1104 2153 1136 194
2170 1109 2199 1142 ⁸;
2227 1102 2260 1134 V.
2279 1105 2332 1142 ⁷2,

733 1159 916 1242 8Ρ13ῗί2735).
933 1230 971 1234 -
998 1212 1112 1243 Joanm'
1136 1210 1173 1241 de
1191 1220 1216 1240 s.
1232 1210 1331 1242 Justo.
1359 1210 1451 1242 Olim
1468 1209 1626 1241 Clemens
1652 1210 1720 1241 ΡΡ.
1743 1210 1773 1241 V
1800 1209 2034 1247 suessionen„
2057 1209 2283 1242 Silvanecten.
2299 1211 2334 1242 et

692 1300 694 1302 ,
734 1266 877 1298 Melden.
900 1265 987 1305 ep.is
1004 1264 1179 1296 mandavit
1207 1264 1295 1295 utin
1313 1263 1460 1304 singulis
1485 1264 1554 1295 tam
1578 1262 1830 1294 cathedralibus
1857 1271 1959 1303 quam
1984 1262 2103 1304 colleg.
2130 1263 2212 1295 eccl.
2237 1263 2332 1304 regni

733 1320 882 1351 Franciae
898 1318 1044 1358 singulis
1059 1326 1151 1358 pers.
1168 1317 1313 1354 idoneis,
1330 1325 1415 1357 quas
1431 1315 1612 1356 Philippus
1629 1316 1671 1348 R.
1689 1316 1729 1347 F.
1746 1316 1796 1348 eis
1813 1316 1951 1348 duceret
1966 1316 2203 1354 nominandas,
2221 1316 2263 1348 de
2280 1324 2334 1349 ca-

733 1382 811 1404 non.
831 1372 911 1403 eccl.
929 1371 1080 1412 ipsarum
1098 1372 1131 1402 et
1152 1369 1256 1411 praeb.
1273 1378 1346 1401 vac.
1364 1369 1419 1401 vel
1441 1369 1549 1400 vacat.
1575 1369 1754 1409 providere
1785 1369 1953 1402 curarent.
1978 1369 2101 1401 Dictus
2125 1369 2276 1402 Joannes
2290 1368 2335 1401 ad

733 1426 999 1458 nominationem
1025 1424 1115 1464 regis
1131 1423 1239 1464 ejusd.
1257 1423 1292 1454 in
1311 1422 1391 1454 eccl.
1408 1423 1446 1454 B.
1464 1422 1510 1454 M.
1527 1422 1568 1453 de
1587 1422 1814 1458 Montechare,
1840 1422 2018 1454 Belvacen.
2042 1422 2104 1461 di„
2121 1422 2157 1454 in
2176 1431 2250 1455 can.
2268 1421 2334 1455 sub

733 1488 828 1519 exsp.
846 1478 948 1519 praeb.
977 1479 1133 1518 receptus
1149 1477 1232 1512 fuit;
1261 1477 1496 1508 verumtamen
1520 1475 1600 1516 quia
1623 1475 1735 1507 dictus
1759 1484 1820 1507 rex
1845 1475 1941 1515 prius
1961 1475 2003 1507 ad
2021 1484 2139 1508 canon.
2168 1477 2202 1508 et
2227 1475 2332 1517 praeb.

733 1533 829 1564 dictae
857 1532 937 1563 eccl.
966 1531 1072 1563 alium
1099 1531 1242 1562 duxerat
1268 1529 1527 1567 nominandum,
1556 1529 1588 1560 J.
1607 1530 1745 1570 propter
1774 1529 1975 1561 tenuitatem
1998 1529 2193 1561 reddituum
2222 1529 2331 1570 ejusd.

733 1586 848 1626 praeb.,
873 1587 924 1626 (20
942 1585 964 1616 l.
981 1585 1033 1624 1.),
1052 1583 1327 1624 prosecutionem
1350 1582 1547 1623 hujusmodi
1573 1583 1690 1623 gratiae
1707 1582 1844 1614 omnino
1871 1582 2015 1618 dimisit,
2032 1591 2070 1614 ac
2083 1582 2205 1614 deinde
2219 1582 2262 1614 ad
2276 1590 2335 1615 no·

732 1640 953 1670 minationem
973 1638 1123 1677 Philippi
1138 1638 1176 1669 F.
1194 1638 1226 1669 et
1238 1637 1281 1669 N.
1298 1637 1340 1668 R.
1357 1636 1392 1667 in
1408 1635 1606 1668 Atrebaten.
1623 1636 1656 1667 et
1673 1635 1921 1676 subsequenter
1933 1635 1970 1667 in
1982 1635 2160 1668 Belvacen.
2176 1635 2256 1668 eccl.
2269 1635 2334 1668 sub

733 1702 828 1732 exsp.
853 1692 955 1732 praeb.
983 1700 1099 1723 canon.
1126 1692 1213 1722 auct.
1234 1691 1342 1730 apost.
1367 1690 1546 1721 assecutus
1566 1689 1642 1720 fuit..
1665 1689 1732 1720 ΡΡ.
1751 1690 1866 1720 autem
1883 1689 1976 1729 dign.
1997 1689 2106 1729 ejusd.
2131 1688 2331 1721 Atrebaten.

733 1747 813 1778 eccl.
836 1746 991 1786 proxime
1009 1746 1201 1776 vacaturam
1218 1744 1283 1776 eid.
1297 1743 1422 1775 Joanni
1446 1742 1686 1774 conferendam
1711 1742 1910 1779 reservavit,
1926 1742 1963 1773 in
1984 1741 2109 1782 quibus
2123 1750 2204 1774 vero
2219 1743 2335 1783 poste·

733 1800 861 1831 riorum
876 1799 1058 1838 gratiarum
1075 1798 1201 1829 litteris
1217 1798 1258 1828 de
1272 1797 1381 1836 gratia
1399 1796 1567 1837 praedictae
1586 1795 1668 1827 eccl.
1685 1796 1723 1827 B.
1740 1795 1786 1827 M.
1803 1796 1844 1827 de
1862 1795 2077 1827 Montechare
2091 1795 2187 1827 nulla
2204 1795 2333 1828 mentio

733 1853 820 1884 facta
848 1853 923 1883 fuit.
941 1852 1136 1884 omissione
1155 1859 1222 1882 non
1248 1850 1335 1881 obst.
1358 1851 1429 1881 tres
1454 1849 1663 1889 posteriores
1686 1849 1812 1889 gratias
1828 1857 1895 1880 non
1916 1857 2018 1889 posse
2036 1847 2078 1880 ab
2093 1848 2208 1889 aliquo
2223 1848 2336 1889 impu·

732 1907 827 1946 gnari
845 1907 910 1938 ΡΡ.
926 1906 1086 1936 decernit.
1107 1905 1159 1943 (A.
1175 1906 1223 1938 15,
1239 1904 1261 1934 f.
1275 1905 1333 1935 387
1352 1903 1385 1941 ¹¹3
1409 1902 1442 1934 V.
1456 1904 1506 1940 72,
1519 1911 1572 1942 ep.
1588 1902 1695 1942 1245.)

778 1957 912 1988 13676.
928 1977 965 1981 -
979 1958 1097 1988 Joanni
1109 1957 1146 1988 el.
1163 1967 1189 1987 s.
1207 1957 1360 1988 Severinae
1375 1956 1570 1996 assignatur
1584 1955 1727 1995 pallium
1741 1954 1784 1986 ab
1807 1955 1980 1995 archiep.o
1997 1955 2186 1987 Rossanen.
2197 1954 2329 1988 traden-

733 2014 824 2043 dum.
844 2013 897 2051 (A.
914 2013 962 2049 15,
980 2012 1003 2042 1“.
1023 2013 1080 2042 180
1099 2016 1133 2047 ³;
1158 2010 1190 2040 V.
1207 2012 1256 2046 72,
1272 2018 1324 2049 ep.
1343 2009 1433 2049 934.)

778 2063 914 2094 13677.
929 2082 968 2087 -
987 2064 1123 2100 [ndnlt.‚
1134 2063 1263 2094 consid.
1279 2062 1459 2094 Bertrandi
1475 2061 1508 2093 S.
1525 2062 1571 2092 M.
1586 2061 1622 2092 in
1635 2061 1764 2101 A'quiro
1780 2061 1865 2092 diac.
1877 2060 2163 2096 card-,Baimundo
2175 2060 2212 2092 de
2233 2060 2331 2099 Valle,

734 2127 806 2149 can.
825 2118 904 2148 eccl.
929 2126 956 2149 s.
976 2116 1100 2148 Hilarii
1118 2116 1305 2152 pictaven„
1324 2115 1434 2155 ipsius
1457 2123 1530 2154 cap.
1553 2114 1674 2151 famil„
1696 2115 1734 2145 ut
1757 2115 1880 2154 praeter
1900 2113 1982 2145 eccl.
1998 2113 2134 2154 paroch.
2154 2122 2182 2145 s.
2201 2114 2328 2152 Fortis,

733 2172 907 2203 Caturcen.
925 2170 983 2206 di„
1009 2169 1102 2200 alind
1130 2169 1240 2200 benef.
1259 2169 1314 2199 vel
1338 2168 1393 2199 off.
1415 2176 1442 2198 s.
1461 2176 1503 2202 c.,
1523 2167 1658 2198 etiamsi
1687 2167 1779 2207 dign.
1796 2167 1851 2198 vel
1870 2168 2074 2207 personatus
2091 2167 2227 2205 existat,
2246 2168 2332 2199 reci·

731 2233 809 2264 pere
824 2225 856 2254 et
873 2223 1018 2254 retinere
1037 2222 1159 2253 valeat.
1178 2221 1231 2260 (A.
1257 2222 1306 2258 15,
1326 2220 1349 2251 f.
1363 2222 1422 2252 234
1438 2220 1474 2257 ¹³3
1497 2219 1530 2250 V.
1548 2221 1599 2256 72,
1617 2228 1668 2260 ep.
1692 2221 1800 2260 1008.)

776 2274 910 2306 13678.
933 2294 971 2298 -
986 2274 1207 2315 Fontisfriqidi
1229 2274 1404 2305 Narbonem.
1433 2273 1489 2310 di„
1508 2277 1535 2304 ee
1552 2283 1576 2303 s.
1594 2272 1702 2304 Jacobi
1716 2277 1844 2304 monast.
1869 2282 1904 2303 ac
1918 2272 2020 2304 saecul.
2037 2272 2111 2303 eccl.
2126 2282 2152 2303 s.
2165 2271 2332 2313 Affrodr’sii

731 2331 883 2361 Biterren.
910 2329 977 2360 abb.
1008 2329 1121 2360 mand.
1141 2330 1178 2359 ut
1203 2328 1361 2359 revocent
1390 2327 1556 2358 statutum
1580 2326 1694 2357 saecul.
1715 2326 1795 2358 eccl.
1822 2334 1851 2357 s.
1870 2326 1969 2357 Pauli
1987 2325 2196 2364 Narbonem,
2223 2335 2330 2367 quon

730 2384 837 2424 ejusd.
855 2383 935 2414 eccl.
961 2381 1125 2417 canonici,
1154 2381 1211 2421 qui
1238 2380 1412 2420 praepositi
1437 2379 1668 2416 nominantur,
1697 2387 1758 2419 per
1773 2387 1899 2410 annum
1925 2379 2079 2410 redditus
2094 2380 2128 2411 et
2145 2380 2330 2419 proventus

730 2437 908 2476 recipiunt,
935 2435 1131 2467 custodiunt
1149 2435 1182 2465 et
1206 2434 1417 2473 dispensant,
1442 2432 1508 2464 sibi
1535 2432 1651 2472 elapso
1667 2441 1754 2463 anno
1774 2442 1797 2463 11
1815 2432 1901 2463 alios
1915 2440 1989 2463 can.
2007 2431 2231 2472 subrogantes
2245 2441 2331 2472 quos

730 2490 869 2521 malunt.
888 2489 1002 2520 Mand.
1028 2488 1169 2528 insuper
1187 2489 1224 2518 ut
1248 2487 1282 2517 in
1305 2488 1480 2527 posterum
1495 2485 1792 2517 administratores
1807 2494 1827 2516 a
1847 2485 1949 2525 capit.
1977 2485 2158 2525 eligantur,
2176 2487 2208 2517 et
2223 2493 2329 2526 praep.

729 2543 858 2583 praefati
874 2543 915 2574 de
930 2542 1037 2582 gestis
1053 2541 1094 2572 ab
1111 2541 1199 2581 ipsis
1215 2540 1351 2580 plenam
1368 2539 1535 2571 rationem
1549 2539 1702 2571 reddant.
1720 2538 1773 2578 (Α.
1790 2540 1841 2576 15,
1857 2538 1882 2570 f.
1897 2540 1958 2570 456
1974 2543 1988 2559 ⁸
1998 2547 2009 2576 3
2032 2538 2067 2570 V.
2088 2540 2137 2576 72,
2154 2547 2206 2579 ep.
2225 2539 2328 2578 ¹640.)

773 2593 906 2625 13679.
925 2612 966 2619 -
990 2594 1153 2626 Benedicta
1169 2593 1311 2631 loannis,
1331 2601 1405 2624 can.
1427 2593 1621 2629 Belvacen.‚
1638 2592 1760 2623 indult.
1783 2591 1994 2632 percipiendi
2016 2591 2149 2623 fructus
2174 2591 2328 2623 omnium

727 2649 837 2681 benef.
856 2649 1071 2681 obtentorum
1090 2649 1122 2679 et
1138 2647 1398 2678 obtinendorum
1414 2646 1542 2686 absque
1558 2645 1756 2683 residentia,
1772 2653 1875 2676 causa
1896 2644 2014 2682 studii,
2032 2652 2141 2685 usque
2157 2644 2199 2675 ad
2222 2644 2326 2676 trien-

728 2703 833 2734 nium.
849 2720 888 2725 —
903 2702 930 2733 Ι.
946 2711 975 2733 e.
992 2710 1038 2733 m.
1061 2702 1222 2733 vasaten.
1247 2702 1279 2732 et
1294 2700 1470 2732 Caturcen.
1492 2699 1592 2739 ep.is,
1611 2707 1648 2730 ac
1671 2698 1747 2730 abb.
1774 2699 1922 2730 monast.
1947 2706 1976 2729 s.
1991 2697 2133 2729 Luciani
2148 2697 2326 2729 Belvacen.

728 2756 773 2787 di.
791 2756 843 2795 (A.
862 2757 911 2794 15,
930 2755 952 2786 f.
971 2756 1030 2786 213
1043 2759 1075 2791 ⁸3
1102 2753 1132 2786 V.
1152 2756 1202 2790 72,
1221 2762 1274 2793 ep.
1289 2753 1376 2794 916.)

773 2807 908 2838 13680.
928 2827 966 2832 -
981 2808 1102 2840 Collat.
1123 2816 1241 2838 canon.
1259 2808 1291 2838 et
1306 2806 1408 2846 praeb.
1426 2806 1506 2837 eccl.
1525 2805 1708 2844 Parisien.,
1727 2813 1788 2844 per
1803 2805 1988 2836 consecrat.
2008 2803 2101 2836 Petri
2117 2803 2327 2850 epi-Ruthe-

728 2871 804 2894 nen.
824 2871 908 2899 vac„
937 2861 1029 2893 Heliae
1045 2861 1082 2892 de
1103 2859 1308 2892 Venthadoro.
1326 2877 1364 2883 -
1378 2860 1404 2890 Ι.
1424 2868 1452 2890 e.
1469 2868 1515 2890 m.
1538 2858 1708 2898 arehiep.o
1726 2857 1924 2894 Bituricen„
1941 2858 1974 2889 et
1989 2857 2090 2888 Petro
2111 2865 2187 2897 ep.o
2201 2856 2326 2888 Ruthe·

727 2925 817 2952 nen„
836 2924 873 2946 ac
891 2915 1016 2946 archid.
1035 2914 1202 2945 Parisien.
1221 2914 1273 2953 (A.
1297 2915 1346 2950 15,
1364 2913 1389 2943 f.
1406 2914 1464 2944 116
1483 2917 1518 2949 ¹,
1542 2912 1578 2943 V.
1600 2913 1649 2948 72,
1668 2920 1720 2951 ep.
1740 2911 1827 2951 940.)

773 2966 906 2998 13681.
924 2985 963 2991 -
977 2968 1096 3000 Gratia
1110 2976 1206 3007 exsp.
1221 2966 1332 2998 benef.
1353 2966 1478 3002 saecul„
1495 2974 1522 2997 c.
1538 2974 1567 2996 c.
1583 2965 1636 2996 vel
1652 2973 1680 2995 s.
1698 2973 1739 3002 c.,
1759 2963 1895 2995 etiamsi
1912 2963 2018 3004 dign„
2036 2963 2252 3003 personatus,
2269 2964 2328 2994 aut

728 3023 782 3053 off.
800 3023 871 3053 sive
895 3021 1103 3061 archipresb.
1121 3021 1257 3057 existat,
1277 3020 1318 3051 ad
1336 3018 1499 3059 archiep.i
1516 3018 1762 3058 Rothomagen.
1782 3025 1911 3048 necnon
1935 3017 2151 3053 Fiscannen„
2169 3016 2212 3047 ad
2227 3016 2269 3048 R.
2285 3015 2325 3047 E.
