2566 3562
344 339 403 371 268

372 427 476 454 Datum
498 418 681 455 Avenione.

410 525 450 553 20
468 532 530 560 apr.
549 523 637 552 1321.

401 569 455 604 (xu
474 567 533 595 kal.
552 566 647 599 maii.)

424 613 454 640 T.
472 612 531 645 XII,
549 611 619 640 xiv.

482 736 518 764 Ut
538 744 562 765 s,

433 781 463 809 Τ.
478 781 525 815 XI,
540 780 611 808 XIII.

486 1055 521 1083 Ut
536 1063 559 1083 s.

480 1426 517 1454 Ut
534 1435 558 1454 s.

428 1470 458 1498 T.
476 1470 522 1504 XI,
540 1470 611 1498 XIII.

480 1744 516 1772 Ut
535 1752 559 1772 s.

440 1789 469 1816 T.
486 1789 519 1823 x,
535 1789 593 1816 ΧΠ.

476 2010 512 2038 Ut
531 2019 554 2038 s.

436 2055 466 2082 T.
482 2055 514 2090 X,
532 2056 590 2083 XII.

476 2224 511 2251 Ut
531 2232 554 2251 s.

477 2437 511 2464 [t
532 2445 555 2464 s.

452 2481 482 2508 T.
502 2482 572 2509 XVI.

470 2808 505 2836 Ut
531 2818 554 2837 s.

454 2853 483 2880 T.
506 2854 575 2880 XVI.

735 330 908 363 JOANNIS
931 328 1049 360 PAPAE
1071 328 1172 359 xxn.
1197 326 1445 368 (lete-1884).
1466 344 1506 351 —
1528 325 1715 358 LITTERAE
1737 325 1965 359 COMMUNES

813 517 947 550 13202.
965 537 1004 542 -
1018 518 1137 551 Gratia
1151 526 1248 558 exsp.
1264 516 1377 550 benet.
1398 517 1450 556 (30
1466 516 1540 548 flor.
1559 515 1660 555 auri),
1677 515 1720 548 ad
1736 515 1980 556 cujuscumque
1999 514 2112 548 collat.
2129 514 2254 556 pertin.
2268 514 2366 547 in-ci-

766 574 825 606 vit.
842 573 897 606 vel
913 573 960 605 di.
978 571 1143 607 Brixien.,
1159 570 1334 612 Gasparino
1345 569 1412 612 filio
1426 568 1598 601 normanni
1611 569 1647 600 de
1661 568 1800 607 Com-llis,
1815 568 1898 602 cler.
1915 568 2067 601 Brixien.
2083 585 2123 592 —
2137 568 2164 600 1.
2180 576 2211 601 e.
2223 576 2271 600 m.
2286 567 2364 600 abb.

766 627 911 658 monast.
929 626 969 658 de
989 634 1017 657 s.
1036 624 1278 666 Euphemia,et
1290 623 1398 664 priori
1411 623 1452 655 de
1465 622 1811 661 Verxiano,Brixien.
1824 621 1884 660 di..
1896 631 1934 654 ac
1943 630 2032 663 mag.
2043 621 2170 654 Busolo
2179 621 2221 654 de
2229 619 2365 660 Parma.

765 689 837 712 can.
855 680 1054 716 Tornacen.‚
1070 678 1138 710 ΡΡ.
1156 687 1228 718 cap.
1246 678 1299 716 (A.
1320 678 1369 715 ¹4,
1385 677 1408 709 f.
1422 678 1482 710 363
1499 676 1530 713 ¹³5
1550 675 1588 709 V.
1604 677 1654 714 71,
1670 684 1724 716 ep.
1737 676 1824 715 624.)

812 729 948 763 13203.
966 750 1005 757 -
1021 731 1143 764 Collat.
1165 739 1283 763 canon.
1307 729 1371 762 sub
1386 738 1482 770 exsp.
1500 729 1604 770 praeb.
1623 729 1704 761 eccl.
1723 728 1914 761 Ariminen.
1929 727 2086 760 Sanctam
2102 726 2319 770 Compaqmmi
2331 726 2368 759 de

766 785 910 827 Cinqulo,
927 785 1071 826 plebano
1086 783 1198 825 plebis
1214 784 1248 817 S.
1262 783 1307 816 Μ.
1325 783 1366 815 de
1383 783 1539 824 Cingulo,
1555 782 1602 814 di.
1617 782 1697 814 eccl.
1713 781 1896 817 Auximan.
1911 781 2037 823 quond.
2053 780 2270 820 cathedralis,
2287 780 2368 814 licet

765 848 785 871 a
802 839 944 880 plebano
964 838 1075 879 ipsius
1092 837 1203 878 plebis
1219 846 1279 878 per
1294 836 1450 869 laicalem
1467 835 1656 877 potentiam
1674 835 1802 876 ejectus
1817 835 1955 874 existat,
1972 835 2006 867 et
2020 834 2144 868 rectori
2160 834 2241 867 eccl.
2254 843 2283 866 s.
2298 834 2365 867 An·

765 892 832 932 geli
852 892 892 924 de
921 891 1064 929 Grottis,
1091 900 1118 923 s.
1137 900 1179 930 c.‚
1197 899 1239 923 ex
1261 889 1373 922 collat.
1390 888 1567 926 ordinarii,
1585 888 1800 921 Camerinen.
1817 888 1863 921 di.
1887 905 1921 911 -
1939 888 1967 920 1.
1985 896 2015 920 e.
2032 896 2079 920 m.
2101 887 2316 929 senogalien.
2333 888 2368 920 et

765 945 968 978 Macer-alen.
995 945 1096 985 ep.is,
1119 953 1157 976 ac
1172 943 1247 975 abb.
1267 944 1411 975 monast.
1431 951 1459 974 s.
1478 942 1628 975 Victoris
1645 942 1687 974 de
1701 943 1848 980 Arzono‚
1868 941 1914 974 di.
1931 941 2013 974 eccl.
2030 941 2214 974 Auximan.
2237 940 2365 982 quond-

765 998 979 1031 cathedralis.
997 997 1048 1037 (A.
1063 999 1112 1037 15,
1125 997 1147 1029 t'.
1166 999 1206 1030 99
1218 1002 1257 1035 “;,
1273 995 1307 1029 V.
1321 998 1371 1036 72,
1388 1005 1442 1036 ep.
1460 995 1545 1036 722.)

812 1049 947 1082 13204.
963 1069 1004 1075 --
1020 1051 1140 1084 Collat.
1158 1059 1277 1083 canon.
1295 1050 1376 1082 cccl.
1393 1049 1611 1082 Terracinen.
1626 1049 1660 1080 in
1675 1057 1754 1090 qua,
1770 1048 1850 1080 licet
1864 1048 1910 1080 sit
1922 1049 2035 1081 certus
2050 1048 2291 1081 canonicorum
2306 1055 2366 1081 nu·

766 1114 893 1143 meruS,
910 1105 1013 1146 praeb.
1029 1106 1142 1138 tamen
1158 1103 1332 1135 distinctio
1350 1112 1418 1135 non
1433 1102 1587 1141 habetur,
1605 1111 1665 1142 per
1687 1101 1769 1135 obit.
1787 1102 1909 1143 Augeli
1926 1101 1968 1134 de
1984 1101 2137 1135 Velletro
2152 1101 2254 1143 apud.
2269 1101 2305 1134 S.
2322 1103 2366 1135 A.

765 1159 916 1190 defuncti
930 1167 1015 1196 vac„
1029 1157 1122 1188 Petro
1137 1162 1209 1190 nato
1222 1167 1254 1187 n.
1267 1167 1296 1188 υ.
1312 1155 1447 1187 Oddom‘s
1459 1155 1634 1197 Sanquinei
1646 1154 1725 1192 mil„
1738 1155 1797 1196 qui
1813 1155 1925 1187 benef.
1939 1155 1981 1187 ad
1996 1155 2111 1187 collat.
2125 1155 2195 1196 ep.i
2209 1155 2366 1188 Gaietau.

765 1212 800 1243 in
819 1211 911 1243 civit.
923 1211 977 1243 vel
994 1211 1040 1242 di.
1052 1210 1207 1243 Gaietan.
1224 1211 1300 1241 auct
1313 1210 1423 1250 apost.
1435 1210 1622 1250 exspectat,
1636 1209 1723 1241 etde
1737 1217 1855 1241 canon.
1871 1207 1935 1240 sub
1950 1217 2047 1249 exsp.
2062 1208 2165 1249 praeb.
2180 1208 2260 1241 eccl.
2276 1209 2365 1241 Ana-

764 1265 857 1305 gnin.
878 1266 966 1296 auct.
984 1263 1087 1304 legati
1107 1265 1158 1295 est
1177 1263 1348 1304 provisus.
1362 1280 1401 1285 —
1413 1263 1439 1294 I.
1459 1271 1490 1294 e.
1513 1271 1559 1294 m.
1578 1261 1657 1294 abb.
1675 1263 1820 1294 monast.
1839 1271 1868 1293 s.
1883 1260 1980 1294 Sabae
1993 1261 2036 1294 de
2049 1261 2154 1300 Urbe,
2170 1263 2205 1294 et
2225 1261 2367 1295 Nicolao

765 1318 805 1349 de
827 1318 965 1354 Fratris,
993 1317 1059 1349 litt.
1087 1317 1195 1357 apost.
1219 1316 1414 1353 correctori,
1435 1316 1626 1352 Patracen.‚
1647 1323 1684 1347 ac
1702 1315 1803 1347 Petro
1823 1314 1946 1352 RubeI,
1967 1315 2168 1348 Lateranen.
2188 1315 2270 1348 eccl.
2291 1323 2364 1348 can.

766 1371 818 1410 (A.
837 1373 884 1409 15,
902 1371 924 1402 f.
942 1372 982 1403 59
996 1376 1027 1407 a;
1054 1370 1090 1402 V.
1108 1372 1158 1408 72,
1174 1378 1227 1410 ep.
1244 1369 1328 1409 727.)

811 1421 945 1454 13205.
963 1441 1002 1446 -
1017 1423 1138 1455 Collat.
1160 1431 1278 1454 canon.
1298 1422 1362 1454 sub
1377 1430 1474 1462 exsp.
1493 1421 1596 1462 praeb.
1615 1421 1657 1454 de
1673 1430 1701 1453 s.
1725 1421 1889 1460 Deodato,
1909 1421 2043 1454 Tullen.
2068 1421 2129 1460 di„
2152 1421 2316 1454 Benedicta
2330 1421 2367 1454 de

764 1477 900 1516 Babuco,
916 1477 1100 1514 Tiburtin.,
1119 1485 1146 1508 s.
1163 1476 1324 1508 Herasmi
1341 1476 1383 1507 de
1395 1475 1535 1508 Verulis
1549 1484 1587 1507 ao
1603 1484 1651 1507 ss.
1669 1475 1792 1516 Angeli
1807 1477 1840 1507 et
1858 1475 1971 1507 Lentii
1986 1475 2028 1507 de
2041 1474 2190 1514 Babuco‚
2201 1475 2365 1509 verulan.

764 1531 824 1569 di.‚
848 1531 930 1563 eccl.
953 1539 1025 1562 can.
1046 1529 1193 1570 praeben.
1217 1530 1275 1570 qui
1295 1538 1398 1569 super
1419 1528 1555 1569 paroch.
1574 1528 1656 1560 eccl.
1674 1537 1702 1560 s.
1728 1528 1821 1561 Petri
1845 1528 1886 1560 de
1903 1527 2074 1570 ChabIeys
2097 1528 2286 1571 Lingonen.
2301 1529 2362 1569 di„

764 1585 806 1616 ad
820 1593 920 1624 quam
938 1584 979 1615 ab
996 1584 1107 1624 ipsius
1122 1584 1264 1624 patrono
1279 1584 1505 1623 praesentatus
1518 1582 1647 1618 existit,
1666 1591 1719 1622 ap.
1735 1582 1767 1614 S.
1785 1583 1826 1615 A.
1845 1582 1966 1623 litigat.
1983 1599 2023 1605 -
2038 1582 2066 1615 Ι.
2085 1590 2114 1614 e.
2131 1591 2177 1615 m.
2196 1582 2273 1615 abb.
2294 1591 2367 1615 mo·

763 1639 850 1669 nast.
863 1647 891 1669 s.
904 1636 1067 1670 Germani
1085 1636 1355 1674 Autisiodoren.,
1369 1637 1403 1668 et
1418 1645 1506 1677 mag.
1520 1636 1660 1668 Nicolao
1677 1636 1718 1668 de
1737 1635 1878 1674 Frattis,
1892 1636 2082 1674 patracen„
2098 1636 2280 1669 correctori
2295 1635 2362 1669 litt.

763 1692 884 1731 apost,
901 1700 939 1722 ac
956 1691 1056 1722 Petro
1070 1690 1110 1721 de
1125 1691 1242 1726 Reate,
1257 1690 1512 1722 Autisiodoren.
1532 1689 1613 1721 eccl.
1632 1698 1705 1721 can.
1723 1688 1778 1730 (A.
1797 1691 1847 1726 15,
1862 1689 1885 1720 f.
1901 1691 1938 1722 61
1953 1694 1982 1726 ⁸,·
2005 1689 2039 1720 V.
2060 1691 2112 1728 72,
2129 1698 2182 1730 ep.
2198 1690 2284 1731 730.)

809 1741 941 1774 13206.
969 1761 1009 1766 -
1038 1743 1235 1784 Pandulplzo,
1259 1747 1330 1774 nato
1345 1742 1459 1784 quand.
1483 1743 1572 1774 Petri
1596 1742 1634 1774 de
1656 1741 1779 1774 Sabello
1797 1742 1833 1774 de
1855 1742 1944 1781 Urbe,
1961 1751 2057 1783 prov.
2077 1751 2196 1775 canon.
2214 1744 2248 1775 et
2259 1743 2364 1784 pmb.

763 1799 841 1829 eccl.
861 1797 1078 1829 Catalaunen.
1097 1806 1157 1837 per
1185 1797 1450 1837 resignationem
1465 1796 1594 1834 Jacobi,
1613 1795 1730 1828 fratris
1746 1796 1813 1834 su'i,
1831 1805 1885 1837 ap.
1901 1796 1935 1828 S.
1954 1797 1994 1828 A.
2012 1805 2083 1828 vac.
2091 1805 2101 1834 ;
2115 1805 2182 1828 non
2205 1796 2293 1829 obst.
2312 1805 2364 1830 ca-

762 1860 839 1882 non.
858 1850 921 1882 sub
939 1860 1035 1891 exsp.
1053 1850 1156 1890 praeb.
1172 1850 1252 1882 eccl.
1265 1850 1440 1882 Tudertin.
1458 1858 1501 1882 ex
1519 1850 1633 1882 collat.
1649 1850 1840 1888 Bertrandi‚
1856 1851 1897 1882 tt.
1913 1858 1942 1881 s.
1959 1849 2112 1882 Marcelli
2126 1849 2240 1891 presb.
2258 1850 2363 1889 card..

762 1905 797 1937 S.
816 1906 856 1936 A.
873 1904 988 1944 legati.
1005 1921 1043 1927 —
1061 1905 1087 1935 I.
1106 1912 1135 1935 e.
1155 1912 1199 1935 m.
1220 1912 1308 1944 mag.
1323 1903 1433 1935 Bindo
1447 1904 1488 1935 de
1501 1903 1613 1940 Senis,
1630 1911 1733 1943 praep.
1753 1903 1835 1935 eccl.
1851 1903 2040 1940 colonien„
2053 1903 2122 1935 ΡΡ.
2136 1905 2220 1942 not„
2237 1904 2272 1936 et
2286 1903 2363 1936 abb.

761 1959 905 1989 monast.
918 1957 1013 1989 Sabae
1027 1958 1067 1989 de
1085 1957 1187 1995 Urbe,
1198 1966 1236 1988 ac
1251 1957 1393 1989 Nicolao
1409 1957 1448 1989 de
1463 1957 1589 1988 Frattis
1605 1956 1776 1996 praedicto.
1795 1957 1847 1997 (Α.
1865 1957 1912 1995 14,
1929 1956 1952 1988 f.
1971 1958 2071 1995 336“;
2093 1956 2127 1990 V.
2144 1958 2195 1993 72,
2211 1965 2264 1998 ep.
2278 1958 2363 1998 731.)

808 2008 942 2040 13207.
960 2029 998 2033 -
1023 2011 1144 2042 Collat.
1163 2019 1280 2042 canon.
1299 2010 1363 2041 sub
1377 2018 1472 2050 exsp.
1492 2009 1595 2050 praeh.
1613 2009 1763 2041 basilicae
1778 2009 1944 2050 principis
1957 2009 2201 2050 Apostolorum
2214 2010 2256 2042 de
2271 2009 2364 2044 Urbe

760 2065 877 2096 Joanm·
888 2064 1043 2105 Stephani
1058 2063 1094 2094 de
1110 2063 1296 2094 Nor-mannis
1316 2073 1389 2095 can.
1414 2063 1560 2103 praeben.
1579 2063 1659 2095 eccl.
1680 2063 1822 2096 Remen.
1841 2064 1874 2095 et
1890 2063 2014 2095 rectori
2028 2063 2109 2095 eccl.
2128 2072 2156 2094 s.
2175 2063 2364 2097 Salvator-is

761 2118 801 2149 de
814 2117 1026 2155 Castillione,
1048 2117 1207 2148 Portuen.
1223 2117 1269 2147 di.
1282 2134 1319 2139 —
1330 2117 1356 2148 I.
1372 2125 1401 2148 e.
1420 2125 1465 2147 m.
1483 2115 1559 2147 abb.
1577 2117 1722 2148 monast.
1738 2125 1766 2148 s.
1781 2115 1877 2148 Sabae
1891 2116 1932 2148 de
1950 2115 2053 2155 Urbe,
2067 2117 2100 2148 et
2114 2117 2216 2149 Petro
2229 2116 2360 2156 Rubeo,

760 2171 975 2208 Lateranen.‚
995 2180 1032 2201 ac
1049 2170 1190 2202 Nicolao
1208 2170 1247 2201 de
1264 2170 1403 2208 Frattis‚
1423 2170 1598 2201 patracen.
1615 2178 1688 2201 can.
1706 2169 1787 2201 eccl.
1806 2169 1860 2210 (A.
1873 2170 1923 2207 11,
1942 2169 1964 2200 f.
1977 2171 2037 2202 336
2049 2169 2082 2206 ”3
2099 2169 2133 2201 V.
2147 2171 2198 2208 72,
2210 2179 2264 2211 ep.
2275 2170 2362 2210 735.)
2418 2175 2423 2178 “

807 2221 943 2254 13208.
960 2241 997 2246 -
1018 2223 1139 2255 Collat.
1157 2232 1275 2254 canon.
1295 2223 1359 2255 sub
1376 2231 1471 2263 exsp.
1489 2222 1592 2263 praeb.
1610 2223 1691 2254 eccl.
1707 2223 1905 2255 Lateraneu.
1922 2222 2080 2264 Pandulso
2096 2222 2285 2266 filioquond.
2303 2224 2360 2256 Pe-

760 2278 802 2308 tri
816 2277 853 2308 de
869 2277 994 2308 Sabello
1009 2277 1045 2308 de
1065 2277 1154 2312 Urbe,
1166 2285 1232 2308 non
1248 2276 1334 2308 obst.
1356 2285 1473 2309 canon.
1492 2276 1555 2308 sub
1570 2285 1667 2317 exsp.
1679 2276 1782 2316 praeb.
1797 2277 1878 2308 eccl.
1890 2276 2067 2308 Tudertin.
2083 2294 2122 2300 —
2132 2277 2160 2309 1.
2173 2285 2202 2309 e.
2219 2286 2265 2309 m.
2283 2277 2359 2311 abb.

759 2333 792 2362 et
808 2331 950 2362 Nicolao
965 2330 1182 2371 supradictis
1207 2339 1244 2362 ac
1260 2330 1360 2362 Petro
1383 2330 1424 2362 de
1441 2330 1584 2368 comite,
1606 2339 1679 2361 can.
1703 2329 1854 2362 basilicae
1876 2330 2043 2371 principis
2069 2330 2303 2371 apostolorum
2318 2331 2360 2364 de

759 2384 862 2416 Urbe.
878 2385 931 2424 (A.
951 2386 998 2422 14,
1019 2384 1042 2416 f.
1059 2386 1118 2415 337
1134 2389 1163 2420 3,
1185 2384 1220 2415 V.
1240 2385 1289 2420 72,
1311 2393 1363 2423 ep.
1386 2383 1472 2423 736.)

806 2435 940 2467 13209.
965 2455 1003 2460 -
1020 2436 1054 2469 S.
1077 2436 1172 2467 Pauli
1194 2442 1223 2467 et
1237 2447 1262 2467 s.
1279 2436 1368 2468 Sabae
1380 2436 1417 2467 de
1433 2436 1512 2468 Urbe
1526 2442 1653 2468 monast.
1672 2436 1741 2467 abb.
1758 2436 1984 2469 commitsstur
1999 2446 2102 2469 causa
2117 2438 2254 2470 vertens
2273 2437 2361 2471 inter

758 2491 891 2522 nobiles
913 2489 1071 2527 Pernam,
1091 2490 1226 2521 viduam
1249 2490 1402 2522 relictam
1420 2490 1553 2522 Nicolai
1574 2489 1763 2523 Theobaldi
1782 2490 1824 2522 de
1843 2490 2024 2522 Anibaldis
2045 2490 2132 2522 civis
2150 2491 2309 2528 Romani,
2327 2492 2361 2524 et

757 2545 980 2580 vannorum,
1006 2553 1123 2576 eorum
1146 2544 1251 2581 fiiam,
1278 2552 1320 2575 ex
1339 2553 1419 2582 una,
1435 2545 1468 2575 et
1494 2545 1634 2575 Petrum
1649 2543 1780 2575 dictum
1799 2544 1840 2576 de
1860 2543 1987 2576 Milauo
2004 2544 2077 2575 mil.
2095 2553 2133 2576 ac
2152 2544 2304 2576 Leonem
2318 2545 2360 2577 de

757 2598 937 2629 Anibaldis
957 2597 1093 2636 fratres,
1115 2597 1207 2629 cives
1222 2598 1408 2636 Romanos,
1425 2597 1581 2637 partibus
1602 2605 1645 2628 ex
1668 2597 1787 2635 altera,
1809 2605 1914 2638 super
1931 2597 2149 2629 restitutione
2169 2599 2359 2630 castrorum

756 2652 910 2691 Burgetti
931 2652 964 2683 et
980 2651 1110 2691 Lugani
1130 2652 1163 2682 et
1182 2650 1407 2691 quorumdam
1427 2650 1575 2682 aliorum
1596 2650 1764 2682 bonorum
1784 2650 1874 2682 infra
1894 2651 2089 2683 districtum
2106 2650 2210 2683 Urbis
2228 2651 2357 2684 consis-

756 2705 914 2742 tentium,
935 2713 994 2744 per
1013 2704 1141 2736 dictum
1164 2703 1345 2736 Nicolaum
1367 2704 1563 2736 relictorum
1586 2705 1618 2736 et
1645 2713 1705 2744 per
1731 2704 1890 2744 praefatos
1913 2704 2037 2736 fratres
2054 2704 2204 2736 indebite
2221 2713 2360 2746 occupa-

756 2759 880 2790 torum.
900 2758 954 2798 (A.
976 2759 1026 2796 14,
1047 2758 1070 2788 f.
1088 2759 1146 2789 337
1163 2757 1192 2794 ¹³3
1215 2757 1250 2789 V.
1270 2759 1321 2795 72,
1338 2766 1390 2798 ep.
1406 2759 1489 2798 737.)

804 2808 939 2841 13210.
960 2828 994 2835 --
1013 2811 1146 2851 Indulg.
1168 2821 1207 2842 xi.
1225 2811 1359 2842 dierum
1374 2810 1596 2843 visitantibus
1612 2811 1693 2843 eccl.
1713 2820 1740 2843 s.
1761 2811 1854 2843 Petri
1874 2811 2032 2851 Apostoli
2054 2811 2096 2843 de
2119 2811 2231 2852 Burgo
2246 2810 2359 2843 castri

757 2864 994 2902 Palumbariae‚
1023 2863 1182 2896 Sabineu.
1201 2864 1259 2901 di„
1284 2873 1344 2904 per
1362 2873 1450 2905 mag.
1468 2864 1708 2905 Pandulphum
1728 2865 1768 2896 de
1782 2863 1930 2902 Sabello,
1947 2864 2014 2896 ΡΡ.
2031 2865 2114 2902 not„
2129 2864 2357 2896 constructam

755 2919 790 2949 et
806 2918 955 2949 dotatam
973 2918 1008 2949 in
1026 2917 1172 2958 singulis
1187 2918 1296 2957 ejusd.
1312 2918 1419 2950 sancti
1437 2920 1469 2950 et
1484 2918 1718 2950 anniversario
1735 2917 1960 2950 dedicationis
1977 2917 2100 2958 ipsius,
2118 2926 2155 2949 ac
2170 2917 2204 2949 b.
2221 2917 2358 2949 Bartho-

755 2971 831 3002 maei
847 2971 992 3010 apostoli
1008 2970 1265 3009 festivitatibus,
1279 2974 1312 3003 et
1327 2981 1389 3012 per
1405 2982 1463 3003 vm
1480 2972 1554 3003 dies
1569 2971 1791 3003 festivitatem
1804 2971 1914 3011 ipsius
1928 2970 1961 3003 b.
1978 2970 2219 3003 Bartholomaei
2238 2971 2356 3003 imme-

755 3023 844 3055 diate
861 3026 1054 3064 sequentes
1073 3025 1126 3063 (A.
1144 3026 1193 3060 14,
1215 3025 1237 3056 f.
1253 3026 1312 3056 338
1324 3030 1355 3061 ³5
1378 3024 1409 3055 V.
1430 3026 1480 3062 72,
1497 3034 1550 3065 ep.
1569 3026 1652 3065 738.)

2501 605 2510 620 e,

2492 620 2513 646 ’ἐν
2523 627 2526 630 ’
