2566 3562
279 361 339 392 37⁴
506 358 760 391 APPENDICES
781 358 838 390 AD
859 357 1046 396 QUINTUM
1067 358 1264 391 BULLARII
1284 359 1460 391 JOANNIS
1481 359 1572 391 XXII
1595 359 1756 392 ANNUM.
1778 378 1818 385 —-
1839 362 2078 402 (zeto-1884)

360 1078 379 1106 9
395 1078 458 1112 jan.
482 1078 570 1107 1321.

1442 769 1573 822 III

790 894 1021 928 Instrumenta
1038 893 1258 928 miscellanea
1284 895 1452 928 Vaticana
1469 905 1545 940 quae
1563 893 1602 928 in
1621 894 1762 940 capsula
1780 893 1866 928 anni
1887 892 1979 931 1391
1995 894 2228 940 reperiuntur.

751 1074 885 1108 14352.
903 1095 942 1101 -
967 1078 1099 1110 Littera
1119 1077 1279 1110 officialis
1303 1077 1557 1111 Claromonten.
1578 1078 1756 1111 continens
1773 1078 1928 1120 quaedam
1951 1079 2026 1112 acta
2041 1079 2079 1112 in
2102 1087 2207 1112 causa
2222 1079 2315 1114 inter

704 1131 845 1163 Petrum
871 1131 912 1163 de
928 1131 1005 1169 Via,
1031 1131 1184 1171 priorem
1205 1131 1378 1172 prioratus
1397 1132 1439 1164 de
1455 1131 1640 1170 Candalvo,
1661 1131 1914 1164 Claromonten.
1936 1132 1997 1170 di..
2017 1132 2130 1174 filium
2151 1141 2187 1165 n.
2203 1142 2235 1166 v.
2251 1133 2316 1167 Pe·

702 1184 748 1216 tri
771 1185 812 1216 de
829 1184 895 1217 Via
911 1184 999 1222 mil.,
1018 1184 1090 1216 d-ni
1112 1185 1153 1216 de
1170 1184 1377 1221 Villamuro,
1397 1193 1435 1216 ac
1457 1184 1558 1226 Papae
1577 1185 1724 1225 nepotis,
1740 1186 1774 1217 et
1797 1184 1955 1217 abbatem
1977 1187 2125 1219 monast.
2149 1185 2315 1220 Yssiodo-

705 1246 789 1275 ren.,
807 1238 905 1269 dictae
933 1237 994 1276 di.‚
1025 1246 1129 1278 super
1158 1237 1306 1278 quadam
1324 1246 1461 1269 summa
1485 1237 1521 1269 in
1544 1237 1674 1279 quaid.
1693 1236 1768 1270 abb.
1787 1238 1919 1270 ratione
1948 1239 2200 1281 arreragiorum
2227 1239 2312 1273 dieti

702 1291 877 1332 prioratus
895 1299 975 1332 erga
994 1291 1174 1331 praet‘atum
1196 1291 1346 1331 priorem
1362 1299 1423 1331 per
1436 1291 1570 1332 judices
1589 1299 1609 1323 a
1625 1291 1660 1323 S.
1681 1291 1723 1323 A.
1743 1291 1924 1332 deputatos
1938 1292 2208 1334 condempnatus
2223 1293 2315 1326 exie-

646 1351 651 1356 ·
702 1345 745 1376 tit
750 1354 760 1381 ς
775 1353 834 1384 pro
854 1353 921 1385 quo
937 1344 1076 1385 quidem
1099 1343 1221 1376 abbate
1245 1344 1430 1376 Durandus
1454 1344 1602 1380 metelli,
1624 1344 1712 1376 civis
1727 1344 1995 1384 Claromonten„
2011 1345 2141 1378 dictum
2155 1345 2311 1380 debitum

403 1505 440 1533 31
452 1506 519 1541 jan.

311 1550 349 1578 ad
366 1550 404 1578 10
419 1554 502 1578 mart.
523 1549 611 1578 1321.

278 1677 283 1681 ·
307 1670 412 1698 Datum
432 1665 618 1699 Αυεηίοηε.

290 1719 311 1748 3
324 1719 371 1756 (111
384 1719 530 1754 non.)feb.
548 1718 636 1747 1321.

274 1989 324 2016 Die
339 1988 359 2016 3
373 1989 476 2016 mensis
491 1988 545 2023 feb.
560 1988 648 2021 1321,

394 2032 452 2060 ind.
471 2032 530 2060 iv·.

281 2306 302 2333 A
318 2306 353 2342 (11
375 2306 456 2343 non.)
474 2307 528 2342 seb.
550 2307 637 2335 1321.

306 2579 411 2606 Datum
424 2575 607 2608 Avenione.

287 2627 305 2655 6
321 2630 388 2664 (v111
404 2627 456 2663 id.)
471 2628 525 2663 feb.
542 2627 630 2656 1321.

301 2792 405 2819 Datum
426 2788 611 2822 Avenione.

350 2840 386 2868 17
403 2841 457 2876 feb.
482 2841 570 2870 1321.

271 2884 339 2921 (xm
355 2885 414 2913 kal.
432 2888 531 2920 mart„
542 2895 568 2914 a.
581 2886 643 2923 V0.)

702 1407 764 1438 pro
793 1406 830 1430 se
860 1397 1022 1438 suscepit.
1051 1398 1179 1430 Datum
1206 1397 1261 1429 die
1283 1398 1420 1430 veneris
1447 1399 1526 1438 post
1553 1397 1680 1430 festum
1703 1397 1904 1440 Epiphaniae
1927 1399 2081 1438 Domini,
2106 1407 2195 1433 anno
2217 1400 2312 1434 1321.

702 1450 804 1492 (Oriq.
821 1461 930 1492 per9.;
945 1459 979 1483 n.
996 1452 1042 1491 2.)

724 1503 726 1506 ’
748 1501 883 1534 14353.
899 1523 938 1529 -
959 1504 1145 1545 Inquisitio
1164 1506 1198 1537 et
1219 1504 1350 1537 auditio
1367 1504 1510 1536 testium
1532 1504 1656 1537 habitae
1679 1513 1741 1546 per
1754 1505 1977 1538 Laurentium
1992 1505 2034 1538 de
2048 1505 2256 1548 Mondaynm
2270 1506 2315 1542 Ο.

701 1559 741 1591 F.
757 1559 815 1596 M„
834 1567 853 1590 a
867 1558 900 1591 S.
920 1558 960 1590 A.
975 1559 1188 1599 deputatum,
1204 1560 1322 1590 contra
1339 1558 1458 1599 plures
1472 1558 1565 1591 cives
1578 1559 1800 1597 Recanaten„
1825 1560 2052 1598 contumaces,
2075 1559 2314 1593 haereticorum

702 1612 852 1644 fautores
866 1613 899 1644 et
912 1614 1116 1653 receptores.
1137 1611 1238 1653 (Or-2¹9.
1253 1621 1342 1653 perp.
1357 1615 1491 1654 quatuor
1506 1611 1866 1650 membranis'comtanu
1883 1621 1916 1645 n.
1935 1614 1981 1653 3.)

749 1662 884 1695 14354.
904 1682 942 1689 -
957 1666 978 1697 J
981 1674 1108 1697 oannes
1123 1666 1217 1706 Papa
1231 1665 1333 1697 XXII
1350 1665 1489 1697 mandat
1505 1665 1633 1698 decano
1649 1665 1731 1698 eccl.
1749 1666 1996 1707 Rothomagen.
2010 1667 2049 1699 ut
2062 1666 2182 1708 ,exigat
2197 1666 2316 1700 omnia

702 1719 830 1750 credita
848 1718 1024 1751 Benedicti
1039 1719 1185 1756 Rotarii,
1204 1719 1290 1750 civis
1310 1719 1443 1756 Asten.,
1465 1719 1524 1760 qui
1551 1719 1667 1751 omnia
1682 1718 1773 1751 bona
1792 1719 1935 1752 mobilia
1950 1721 1984 1752 et
2005 1720 2084 1762 iura
2105 1728 2144 1752 ac
2159 1720 2313 1753 actiones

702 1772 811 1804 reales
841 1774 874 1804 et
896 1772 1096 1813 personales
1121 1773 1160 1805 E.
1178 1773 1221 1805 R.
1245 1772 1395 1804 donavit.
1418 1790 1458 1796 —
1478 1772 1578 1804 Dorso
1596 1772 1732 1815 legitur:
1751 1773 1870 1805 Prima
1889 1773 2088 1805 commissio
2100 1781 2206 1815 super
2223 1773 2315 1810 facto

701 1826 876 1859 Benedicti
902 1826 1058 1858 Rotharii
1081 1826 1286 1864 renovanda,
1306 1825 1420 1865 (altera
1432 1826 1540 1867 manu)
1554 1827 1588 1858 et
1609 1826 1745 1858 videtur
1763 1826 1924 1867 expedire
1941 1827 2032 1868 quod
2053 1826 2315 1860 committatur..

701 1880 827 1912 decano
857 1880 1044 1912 Tornacen.
1076 1880 1135 1920 qui
1168 1882 1219 1912 est
1239 1879 1368 1912 ibidem
1397 1889 1503 1920 prope
1531 1880 1722 1921 introytum
1751 1880 1976 1913 Alamanniae.
2009 1879 2110 1922 (Oriq.
2129 1890 2245 1922 paq-3
2275 1879 2317 1912 de

702 1943 767 1964 cur.
782 1944 790 1970 ;
808 1942 841 1964 n.
861 1933 904 1973 1.)

749 1984 883 2017 14355.
901 2003 939 2010 -
956 1987 1125 2028 Fayditus
1140 1986 1385 2025 Guiraudonis,
1402 1987 1554 2019 thesaur.
1574 1987 1781 2019 Patrimonii
1797 1986 1831 2019 b.
1847 1987 1944 2019 Petri
1960 1987 1998 2019 in
2014 1986 2152 2024 Tuscia,
2171 1987 2313 2028 deponit

701 2049 806 2081 penes
827 2041 1024 2072 societatem
1055 2040 1245 2072 Bardorum
1264 2040 1305 2072 de
1335 2040 1511 2072 Florentia
1531 2041 1625 2072 2812
1649 2040 1725 2072 flor.
1753 2040 1841 2078 auri,
1866 2040 1908 2072 de
1936 2039 2069 2072 decima
2098 2040 2276 2074 sexennali
2291 2049 2313 2073 a

702 2094 875 2126 Clemente
901 2094 995 2134 Papa
1011 2094 1041 2125 V
1068 2087 1243 2133 imposita,
1268 2093 1303 2124 in
1329 2093 1419 2125 dicto
1444 2093 1656 2126 Patrimonio
1683 2093 1904 2125 collectorum
1928 2094 1962 2125 et
1986 2101 2128 2126 camerae
2147 2095 2256 2134 apost.
2275 2094 2312 2125 in

701 2147 876 2179 Avenione
893 2147 1148 2178 tradendorum.
1166 2147 1290 2178 Actum
1307 2147 1343 2178 in
1359 2146 1561 2179 Urbeveteri
1576 2146 1612 2177 in
1630 2146 1758 2186 palatio
1771 2146 1958 2187 episcopali
1981 2155 2043 2186 per
2058 2146 2224 2179 Jacohum
2242 2147 2311 2179 Cli-

701 2200 799 2240 perii,
818 2200 926 2231 civem
951 2200 1182 2237 Ebredunen.,
1206 2199 1383 2239 publicum
1403 2201 1511 2240 apost.
1534 2201 1568 2231 et
1593 2199 1766 2240 imperiali
1791 2201 1878 2232 auct.
1902 2202 1973 2232 not.
1993 2217 2034 2223 -—
2056 2199 2155 2231 Dorso
2170 2199 2284 2240 leqitur
2301 2210 2312 2231 2

701 2252 962 2294 R[egistratum]
979 2261 1084 2284 xxvxi.
1103 2252 1203 2293 (Or-iq.
1215 2262 1327 2294 per9.;
1346 2261 1380 2284 n.
1399 2252 1447 2293 4.)

747 2303 883 2336 14356.
907 2322 945 2328 -
959 2306 1127 2338 Officialis
1145 2306 1247 2337 curiae
1270 2305 1443 2338 Bisuntin.
1462 2307 1580 2337 notum
1599 2306 1680 2338 facit
1704 2306 1795 2346 quod
1813 2306 1849 2338 in
1876 2314 1938 2338 sua
1963 2306 2147 2347 praesentia
2162 2306 2312 2339 Jacobus

701 2359 741 2391 de
757 2359 932 2400 Nunyaco,
962 2361 1073 2391 rector
1091 2359 1172 2391 eccl.
1188 2359 1228 2391 de
1245 2359 1464 2396 Blacherans,
1481 2359 1653 2391 Bisuntin.
1673 2359 1734 2396 di..
1751 2361 1951 2400 procurator
1963 2359 2157 2392 Anselmini
2176 2360 2312 2392 Colioni

700 2413 785 2445 civis
800 2412 1039 2451 Mediolanen„
1058 2412 1125 2444 sibi
1149 2411 1329 2444 substituit
1351 2414 1389 2444 ut
1407 2413 1647 2453 procuratores
1669 2413 1837 2445 ,Ioannem
1865 2413 1906 2445 de
1931 2421 1960 2445 s.
1978 2412 2118 2451 Albino,
2142 2414 2312 2446 Joannem

700 2467 844 2505 Rotarii,
856 2466 1022 2498 Thomam
1038 2466 1152 2507 Cochy
1165 2467 1199 2498 et
1214 2466 1416 2498 Renaudum
1433 2465 1474 2498 de
1488 2466 1709 2505 Monasterio,
1726 2466 1807 2499 cler.
1824 2466 1997 2499 Bisuntin.
2014 2465 2115 2508 (Or-iq.
2128 2476 2216 2508 perq.
2232 2476 2310 2509 par-

698 2529 785 2558 vum;
799 2529 832 2551 n.
851 2521 913 2561 4⁸.)

745 2571 881 2604 14357.
898 2591 938 2597 -
950 2574 1101 2606 Joannes
1118 2573 1212 2614 Papa
1236 2573 1337 2605 XXII
1355 2573 1494 2605 mandat
1516 2574 1631 2610 Petro,
1655 2582 1684 2605 s.
1702 2573 1925 2606 Pudentianae
1949 2573 2062 2614 presb.
2091 2574 2196 2612 card„
2216 2575 2254 2606 ut
2272 2574 2309 2606 in

698 2629 832 2669 negotio
851 2627 930 2666 sibi,
948 2629 1129 2668 antequam
1156 2627 1200 2658 ad
1225 2626 1456 2659 cardinalatus
1472 2626 1635 2659 honorem
1653 2629 1853 2667 assumptus
1874 2626 2010 2665 fuisset,
2030 2627 2227 2666 commisso,
2247 2627 2316 2659 sci·

698 2681 778 2713 licet
795 2682 912 2713 contra
927 2675 1099 2713 debitores
1123 2681 1352 2712 mercatorum
1374 2680 1550 2712 societatis
1570 2681 1880 2712 Ammannatorum
1895 2681 1936 2712 de
1954 2680 2117 2719 Pistorio,
2134 2681 2312 2721 procedat-

699 2735 798 2776 (ΟΥ-ῖς.
810 2745 922 2776 per9.;
938 2734 974 2765 de
987 2744 1075 2771 cur.;
1091 2743 1124 2766 n.
1142 2736 1177 2771 5;
1196 2733 1257 2765 cfr.
1275 2742 1389 2774 supra,
1406 2742 1440 2765 n.
1457 2734 1583 2772 14240.)

744 2785 878 2818 14358.
896 2805 935 2812 ——
950 2788 1101 2820 Joannes
1113 2788 1208 2828 Papa
1230 2787 1331 2819 XXII
1354 2787 1492 2819 mandat
1508 2786 1673 2828 magistro
1689 2787 1816 2819 civium
1834 2788 1867 2819 et
1885 2786 2086 2819 consulibus
2102 2787 2195 2819 civit.
2213 2788 2246 2819 et
2259 2787 2312 2819 di.

696 2842 920 2882 Ratisponen.
939 2842 977 2873 ut
996 2841 1178 2873 defendant
1208 2849 1269 2872 nec
1294 2840 1470 2872 molestari
1496 2840 1697 2881 permittant
1722 2841 1867 2872 monast.
1884 2849 1912 2872 s.
1927 2839 2047 2872 Jacobi
2068 2840 2312 2880 Ratisponen.,

698 2895 740 2927 ad
755 2896 797 2927 R.
815 2896 854 2927 Ε.
873 2895 968 2926 nullo
986 2894 1098 2926 medio
1121 2894 1260 2935 pertin,
1277 2895 1310 2926 et
1331 2895 1478 2926 monast.
1508 2893 1705 2926 Consecrati
1727 2893 1834 2931 Petri,
1852 2901 1912 2934 per
1925 2893 2076 2934 priorem
2096 2893 2191 2925 soliti
2213 2893 2308 2934 gub„

698 2957 844 2989 quorum
868 2947 1036 2985 abbatem,
1053 2947 1204 2988 priorem
1221 2948 1255 2979 et
1278 2947 1455 2988 professos
1471 2947 1636 2979 Nicolaus
1650 2955 1749 2987 epus
1765 2946 1991 2987 Ratisponen.
2013 2946 2162 2979 vinculis
2183 2946 2314 2979 ferreis

698 3001 926 3034 carceralibus
945 3001 1080 3039 afflixit,
1097 3001 1239 3041 suisque
1265 3000 1622 3032 administrationibus
1636 3000 1886 3032 sententialiter
1903 3000 2064 3040 privavit.
2081 2999 2182 3041 (Or-iq.
2198 3009 2286 3041 perq.
2294 3009 2317 3037 ;μ

699 3064 731 3086 n.
746 3056 791 3095 6.)
