2566 3562
327 332 387 362 354

356 422 458 448 Datum
482 411 670 447 Avenione.
729 437 732 447 .

335 630 355 656 6
370 633 436 664 (vm
453 627 503 661 id.)
519 634 582 654 nov.
600 625 688 654 ¹320.

476 735 511 763 Ut
532 743 555 763 ε.

476 1003 512 1030 Ut
533 1011 556 1030 s,

478 1163 513 1190 Ut
534 1171 557 1190 s.

477 1270 513 1298 Ut
534 1279 557 1297 s.

476 1430 509 1457 Ut
530 1437 553 1456 s.

477 1537 511 1564 Ut
526 1545 548 1563 s.

473 1751 510 1779 Ut
529 1759 553 1778 s.

475 1912 512 1939 Ut
533 1920 554 1939 s.

473 2125 506 2152 Ut
527 2134 551 2152 s.

473 2286 509 2313 Ut
530 2294 553 2313 s.

472 2445 508 2474 Ut
528 2454 552 2473 s.

470 2552 507 2581 Ut
528 2561 551 2580 s.

472 2767 506 2795 Ut
527 2776 550 2794 s.

470 2927 505 2954 Ut
526 2936 548 2954 S.

729 452 732 474 Ι

729 903 730 916 ³
757 891 876 923 tentiis
899 891 1067 922 innodatae
1089 890 1208 922 divina
1236 889 1452 921 celebrarunt
1467 889 1522 921 vel
1548 897 1585 921 se
1613 889 1876 921 immiscuerunt
1905 888 2048 921 eisdem.
2072 888 2126 930 (A.
2149 890 2201 927 14,
2213 887 2238 920 f.
2255 889 2318 921 478
2331 886 2367 926 ⁸5

740 324 914 356 JOANNIS
938 323 1057 355 PAPAE
1079 323 1181 354 XXII.
1205 324 1455 364 (1316-1334).
1477 341 1518 348 —
1539 323 1727 355 LITTERAE
1749 323 1802 356 DE
1823 323 1950 356 GURIA

757 516 811 546 nis
829 515 997 548 defectum
1010 514 1220 556 patientibus
1237 514 1271 546 in
1287 514 1374 552 ord„
1391 516 1428 546 ut
1442 513 1555 546 benef.
1573 515 1690 546 curata
1701 513 1854 546 obtinere
1865 513 2002 547 valeant
2014 521 2053 547 ac
2069 513 2230 548 retinere.
2239 513 2295 555 (A.
2312 515 2366 551 14.

757 569 780 601 f.
800 571 859 600 473
875 573 910 605 ⁸3
934 569 970 601 V.
988 571 1039 604 71,
1059 577 1112 608 ep.
1131 570 1171 601 36
1186 568 1222 599 de
1238 570 1317 607 cur.)
2441 579 2462 600 ἢ,

804 619 943 653 14141.
961 640 999 645 --
1022 621 1100 653 Eid.
1132 622 1235 654 facul.
1267 621 1472 654 concedendi
1500 620 1745 654 tabellionatus
1773 621 1829 654 off.
1856 630 1930 654 xxx
1957 629 2048 663 pers.
2067 622 2119 662 (Α.
2138 622 2189 660 14,
2205 621 2230 654 f.
2248 622 2310 654 473
2328 620 2365 660 ⁵3

764 676 862 712 1471.
882 686 935 717 ep.
957 678 995 708 37
1015 675 1052 708 de
1070 676 1150 716 cur.)
1948 707 1951 712 ,

802 727 937 759 14142.
958 747 996 752 -
1012 729 1088 762 Eid.
1108 729 1209 761 facul.
1233 729 1457 770 dispensandi
1479 737 1524 760 xt.
1539 737 1630 769 pers.
1651 737 1757 770 super
1784 727 2049 770 irregularitate,
2068 737 2172 770 quam
2190 729 2369 761 contraxe-

758 786 837 816 runt
856 784 908 815 vel
928 783 1172 821 contraxerint,
1189 791 1252 814 sua
1266 782 1437 823 legatione
1450 782 1606 818 durante,
1623 791 1666 814 ex
1682 790 1722 814 eo
1737 782 1828 823 quod
1843 781 2145 814 excommunicatae
2165 781 2369 823 receperunt

758 838 894 870 ordines
908 839 941 869 et
960 837 1245 869 ministraverunt
1262 836 1297 867 in
1313 835 1413 876 ipsis,
1430 838 1488 868 aut
1502 835 1592 876 quod
1609 844 1756 874 excom„
1773 835 2014 876 suspensionis
2029 835 2084 868 vel
2102 834 2276 867 interdicti
2291 842 2367 868 sen·

765 945 797 975 V.
815 947 865 980 71,
880 953 932 984 ep.
952 946 991 977 38
1007 944 1043 975 de
1059 946 1138 982 cur.)
2428 978 2431 980 q
2462 962 2470 981 3

805 995 942 1029 14143.
959 1016 998 1021 -
1011 997 1088 1028 Eid.
1106 997 1207 1029 facul.
1235 996 1458 1037 dispensandi
1475 1005 1552 1028 cum
1574 1005 1666 1037 pers.
1684 1005 1754 1028 suae
1775 996 1969 1037 legationis,
1989 1004 2094 1037 super
2112 994 2367 1036 irregularitate
2465 983 2470 990 ⁸

758 1053 929 1084 contracta
955 1061 998 1083 ex
1016 1060 1055 1083 eo
1088 1051 1179 1091 quod
1207 1059 1383 1091 suspensae
1401 1059 1421 1082 a
1450 1050 1578 1082 divinis
1595 1049 1845 1082 benedixerunt
1873 1049 2042 1081 secundas
2067 1049 2217 1090 nuptias.
2234 1048 2291 1090 (A.
2313 1048 2367 1085 14.

758 1106 781 1138 f.
800 1107 861 1138 473
877 1105 908 1142 ¹>;
932 1104 966 1135 V.
987 1107 1038 1142 71,
1054 1113 1107 1144 ep.
1128 1106 1168 1136 39
1186 1103 1223 1135 de
1239 1105 1318 1143 cur.)

805 1155 943 1189 14144.
962 1175 1000 1181 -
1018 1157 1095 1188 Eid.
1112 1157 1214 1189 facul.
1231 1156 1412 1189 exercendi
1426 1165 1606 1188 censuram
1622 1156 1658 1187 in
1671 1165 1790 1188 omnes
1805 1156 2009 1196 injuriantes
2019 1164 2099 1189 eum
2111 1155 2254 1197 ejusque
2267 1154 2368 1188 fami·

759 1213 875 1244 liares.
892 1212 944 1250 (Α.
961 1213 1012 1249 14,
1032 1211 1056 1242 f.
1073 1212 1133 1242 473
1147 1210 1179 1248 ¹³3
1199 1210 1236 1242 V.
1256 1212 1306 1247 71,
1324 1218 1377 1250 ep.
1392 1210 1434 1242 40
1447 1209 1484 1241 de
1498 1209 1579 1250 cur.)

806 1263 940 1295 14145.
959 1283 996 1288 -
1013 1264 1088 1296 Eid.
1115 1264 1217 1296 facul.
1235 1263 1458 1303 dispensandi
1473 1271 1550 1295 cum
1566 1272 1590 1294 x
1607 1271 1697 1303 pers.
1719 1271 1824 1304 super
1846 1262 1980 1296 defectu
1998 1262 2179 1301 natalium,
2192 1269 2296 1304 quem
2307 1269 2368 1303 pa·

758 1320 891 1351 liuntur
912 1327 988 1351 cum
1010 1318 1079 1350 sint
1094 1317 1134 1349 de
1159 1317 1273 1358 presb.
1291 1318 1324 1349 et
1346 1317 1458 1348 soluta
1473 1316 1527 1348 vel
1551 1316 1586 1348 in
1605 1316 1774 1348 adulterio
1791 1317 1925 1357 genitae.
1942 1316 1995 1358 (A.
2015 1318 2065 1354 14,
2082 1316 2107 1348 f.
2123 1318 2186 1349 474
2201 1321 2237 1355 ⁸3
2261 1315 2299 1348 V.
2314 1315 2368 1354 71,

759 1383 810 1414 ep.
827 1375 865 1405 41
884 1373 921 1404 de
940 1373 1019 1411 cur.)
2466 1398 2474 1409 v.)

806 1424 941 1457 14146.
960 1444 1000 1449 -—
1027 1425 1103 1456 Eid.
1121 1433 1214 1456 conc.
1232 1425 1272 1456 ut
1292 1424 1498 1462 evectiones,
1514 1425 1596 1464 quot
1623 1423 1748 1456 viderit
1771 1424 1945 1464 expedire.
1971 1423 2094 1456 ducere
2115 1422 2224 1456 libere
2241 1423 2367 1459 valeat.
2414 1450 2418 1453 .

759 1482 812 1522 (A.
830 1483 878 1518 14,
898 1481 921 1511 f.
936 1482 996 1511 474
1010 1485 1044 1517 ἢ
1067 1478 1100 1510 V.
1115 1480 1166 1515 71,
1180 1487 1234 1519 ep.
1250 1479 1290 1509 42
1309 1477 1346 1508 de
1361 1479 1442 1517 cur.)
2477 1480 2481 1490 ¹

806 1531 872 1563 141
881 1531 941 1563 47.
956 1550 994 1555 -
1007 1532 1085 1564 Eid.
1100 1541 1193 1564 conc.
1208 1533 1246 1563 ut
1261 1531 1422 1563 omnibus
1433 1530 1492 1572 qui
1504 1531 1547 1563 ad
1559 1531 1848 1563 constructionem
1862 1530 2085 1563 ecclesiarum
2098 1540 2127 1569 c,
2143 1529 2368 1572 hospitalium

759 1597 839 1620 voro
857 1597 916 1619 seu
933 1586 1090 1627 pontium
1107 1587 1140 1617 et
1154 1585 1389 1626 reparationes
1406 1593 1525 1616 eorum
1541 1593 1579 1616 ac
1593 1585 1879 1616 sustentationem
1895 1593 2085 1625 pauperum
2100 1585 2134 1616 et
2151 1584 2370 1617 infirmorum

759 1650 881 1674 manus
909 1640 1126 1681 porrexerint
1159 1638 1356 1679 adjutrices,
1383 1647 1425 1670 Lx
1453 1637 1528 1670 dies
1557 1638 1598 1670 de
1631 1638 1795 1679 injunctis
1824 1637 2035 1678 poenitentiis
2057 1638 2212 1670 relaxare
2241 1637 2367 1670 valeat.

758 1697 812 1737 (A.
830 1697 880 1733 14,
899 1695 921 1727 f.
942 1696 1003 1726 474
1025 1699 1060 1731 ³;
1082 1693 1118 1725 V.
1135 1695 1248 1733 71,ep.
1270 1694 1310 1724 43
1325 1691 1362 1723 de
1376 1692 1456 1731 cur.)

805 1746 939 1778 14148.
961 1767 998 1771 -
1016 1748 1174 1779 Potestas
1191 1750 1440 1777 retromemoraco
1456 1745 1556 1787 leqaeo
1582 1753 1744 1777 concessa
1757 1744 1956 1777 absolvendi
1975 1745 2368 1786 excommunicatospro

760 1802 984 1834 fractionibus
1014 1803 1043 1833 et
1070 1800 1239 1832 incendiis
1256 1800 1337 1832 eccl.
1367 1801 1399 1831 et
1428 1799 1583 1831 locorum
1606 1798 1929 1831 ecclesiasticorum.
1948 1798 2001 1840 (A.
2018 1799 2068 1837 14,
2085 1798 2110 1831 f.
2126 1801 2188 1831 474
2201 1798 2217 1820 b
2227 1808 2240 1836 ;
2260 1797 2298 1830 V.
2314 1798 2368 1837 71,

759 1866 811 1897 ep.
830 1859 871 1888 44
886 1855 922 1887 de
940 1855 1022 1896 cur.)

805 1907 942 1940 14149.
960 1927 999 1932 -
1011 1908 1128 1940 Facul.
1146 1907 1206 1939 eid.
1226 1906 1326 1948 leqaeo
1342 1914 1504 1938 concessa
1527 1906 1631 1937 dandi
1645 1905 1828 1946 „licentiam
1849 1915 1899 1938 xx
1913 1914 2003 1946 pers.
2025 1914 2096 1938 suae
2116 1905 2300 1947 legationis
2315 1905 2366 1938 iu·
2460 1938 2467 1946 „

758 1964 903 1995 sistendi
919 1962 1071 2004 generali
1092 1961 1205 1993 studio
1223 1960 1422 2001 theologicae
1437 1959 1610 1991 facultatis
1625 1968 1735 2000 usque
1751 1960 1792 1992 ad
1810 1961 1946 2000 tempus
1965 1959 2006 1992 de
2019 1968 2087 2001 quo
2104 1959 2173 2000 ipsi
2191 1958 2367 1999 videbitur
2407 1955 2410 1957 ’
2470 1959 2471 1962 ’

758 2018 930 2057 expedire,
956 2018 988 2047 et
1015 2016 1147 2046 fructus
1171 2014 1284 2045 benef.
1303 2022 1444 2045 suorum
1469 2013 1598 2053 absque
1625 2013 1813 2045 residentia
1833 2013 2055 2054 percipiendi.
2076 2013 2130 2054 (A.
2145 2014 2197 2051 14,
2213 2012 2237 2045 f.
2254 2014 2317 2046 474
2330 2011 2365 2051 5,·

763 2071 795 2102 V.
810 2073 860 2108 71,
878 2079 931 2110 ep.
947 2071 986 2101 45
1003 2069 1039 2100 de
1055 2070 1136 2108 cur.)

804 2121 941 2154 14150.
958 2142 995 2146 -
1015 2122 1131 2154 Facul.
1148 2122 1242 2152 eidem
1258 2121 1359 2162 legato
1378 2128 1540 2151 concessa
1551 2119 1748 2151 conferendi
1763 2128 1856 2160 pers.
1868 2119 1936 2160 ipsi
1950 2119 2126 2152 benevisis
2139 2128 2364 2162 quaecumque

757 2177 869 2208 benef.
901 2186 971 2208 suae
1002 2176 1197 2216 legationis,
1231 2175 1272 2206 ad
1295 2175 1330 2207 S.
1359 2174 1399 2205 A.
1428 2173 1588 2205 devoluta
1608 2175 1748 2213 propter
1777 2173 1946 2205 diutinam
1972 2174 2198 2206 vacationem.
2222 2174 2278 2216 (A.
2310 2174 2364 2213 14,

757 2231 781 2262 f.
799 2233 859 2262 474
877 2230 908 2267 b,
932 2230 968 2261 V.
988 2232 1038 2266 71,
1056 2238 1109 2270 ep.
1127 2231 1167 2261 46
1189 2228 1226 2260 de
1243 2230 1322 2268 cur.)

803 2281 938 2313 14151.
954 2301 992 2306 -
1009 2283 1110 2315 Conc.
1129 2281 1189 2313 eid.
1223 2282 1323 2323 legato
1349 2282 1399 2319 ut,
1416 2281 1446 2312 si
1462 2281 1636 2321 contingat
1663 2289 1742 2312 eum
1770 2281 1886 2322 egredi
1901 2280 2060 2313 terminis
2077 2289 2148 2313 suae
2167 2281 2364 2322 legationis,

757 2338 868 2378 possit
899 2337 1070 2377 reingredi
1098 2337 1139 2367 ad
1166 2336 1332 2372 eamdem.
1350 2337 1382 2367 et
1395 2337 1466 2367 tam
1492 2335 1582 2366 intra
1602 2343 1704 2375 quam
1726 2336 1823 2367 extra
1846 2343 1948 2367 suum
1973 2335 2028 2367 off.
2045 2343 2216 2368 exercere.
2239 2336 2295 2376 (Α.
2312 2336 2363 2374 14,

754 2391 777 2423 f.
795 2393 855 2423 475
869 2396 900 2426 ⁸:
923 2391 959 2422 V.
979 2392 1030 2428 71,
1047 2399 1100 2431 ep.
1119 2391 1158 2421 47
1173 2389 1210 2420 de
1225 2390 1305 2428 cur.)

801 2441 937 2475 14152.
953 2462 992 2468 —
1020 2444 1168 2476 Securus
1192 2442 1379 2474 conductus
1401 2442 1544 2482 praei'ato
1565 2441 1727 2474 Guillelmo
1743 2451 1812 2483 ep.o
1839 2441 2002 2480 sabinen„
2020 2442 2062 2474 A.
2080 2441 2116 2475 S.
2137 2442 2182 2475 ad
2203 2441 2364 2476 Castellae

753 2500 786 2530 et
805 2498 965 2538 Legionis
987 2506 1091 2538 regna
1105 2497 1227 2537 legato.
1248 2497 1301 2538 (A.
1318 2499 1368 2532 14,
1384 2496 1408 2527 f.
1421 2497 1483 2528 475
1502 2501 1533 2533 ³3
1555 2495 1592 2528 V.
1606 2497 1658 2533 71,
1677 2503 1730 2536 ep.
1750 2496 1791 2528 48
1805 2494 1844 2528 de
1859 2497 1939 2535 cur.)

799 2549 933 2581 14153.
952 2569 991 2575 -
1011 2550 1127 2583 Facul.
1147 2550 1302 2581 antedicto
1329 2549 1430 2591 legato
1448 2558 1611 2582 concessa
1625 2549 1796 2582 retinendi
1811 2548 1854 2581 ad
1867 2558 1930 2582 sua
1950 2549 2116 2590 obsequia
2131 2550 2363 2591 quotcumque

752 2607 784 2637 et
803 2614 1036 2646 quoscumque
1058 2604 1206 2636 voluerit
1222 2604 1263 2636 de
1280 2603 1445 2635 fratribus
1462 2603 1739 2639 Praedicatomm,
1758 2602 1930 2635 Minorum
1945 2605 1978 2636 et
1991 2603 2138 2635 aliorum
2154 2611 2364 2644 quorumcu-

752 2669 817 2700 que
833 2659 920 2696 ord„
939 2659 1058 2699 eisque
1081 2658 1184 2690 dandi
1212 2658 1386 2690 licentiam
1411 2657 1586 2697 equitandi
1615 2658 1648 2689 et
1675 2657 1836 2689 vescendi
1861 2656 2032 2689 carnibus.
2056 2657 2111 2698 (A.
2131 2658 2181 2694 14,
2202 2657 2227 2689 t'.
2245 2657 2306 2690 468
2323 2656 2360 2695 ὓς

757 2713 792 2745 V.
810 2714 861 2749 71,
879 2721 932 2752 ep.
949 2714 989 2744 49
1005 2713 1035 2744 Α
1051 2711 1088 2743 de
1107 2712 1188 2751 cur.)

797 2763 933 2796 14154.
953 2783 992 2789 -
1012 2765 1170 2797 Potestas
1194 2764 1252 2795 eid.
1272 2772 1433 2796 concessa
1459 2764 1624 2804 puniendi
1648 2765 1681 2796 et
1705 2763 1864 2804 privandi
1879 2763 2052 2804 quoslibet
2079 2763 2275 2804 religiosos,
2290 2763 2361 2805 ipsi

750 2829 869 2860 parere
896 2820 1164 2856 contemnentes,
1191 2818 1351 2850 omnibus
1374 2817 1599 2859 indulgentiis
1624 2818 1657 2850 et
1679 2817 1873 2858 privilegiis
1897 2817 1985 2858 ipsis
2001 2816 2044 2849 ab
2059 2818 2102 2850 A.
2120 2817 2154 2849 S.
2171 2817 2358 2850 concessis.

749 2873 804 2914 (A.
822 2875 871 2910 14,
891 2873 914 2904 f.
932 2874 993 2905 468
1007 2872 1044 2909 ¹’;
1067 2872 1104 2904 V.
1128 2874 1178 2910 71,
1196 2881 1249 2912 ep.
1265 2873 1306 2903 49
1324 2872 1351 2904 Β
1367 2870 1404 2902 de
1416 2871 1498 2912 cur.)
2439 2907 2467 2911 Η

796 2923 933 2957 14155.
954 2943 992 2949 ——
1010 2926 1167 2958 Potestas
1195 2925 1358 2966 saepedicto
1385 2925 1486 2966 leqato
1511 2933 1672 2956 concessa
1701 2924 1930 2964 compellendi
1959 2923 2133 2965 quoslibet
2149 2924 2309 2965 praelatos
2323 2924 2358 2956 et
2425 2919 2428 2920 ⁷

749 2980 835 3011 alios
853 2988 1145 3020 quorumcumque
1176 2979 1262 3016 ord„
1282 2979 1386 3010 etiam
1410 2978 1544 3010 militiae
1570 2988 1598 3010 s,
1612 2977 1732 3010 Jacobi
1750 2979 1784 3009 et
1803 2977 1844 3010 de
1859 2977 2055 3016 Alcantara,
2073 2977 2116 3009 ad
2140 2977 2357 3010 contribuen-

749 3034 828 3064 dum
846 3034 881 3064 in
900 3032 1194 3073 procurationibus
1206 3032 1274 3073 ipsi
1289 3032 1426 3064 debitis.
1444 3032 1497 3071 (A.
1517 3034 1566 3069 14,
1586 3032 1608 3063 f.
1626 3032 1686 3064 468
1705 3031 1736 3068 ¹²,
1756 3031 1792 3063 V.
1812 3033 1863 3069 71,
1882 3039 1935 3071 ep.
1951 3032 1992 3064 50
2006 3030 2136 3071 ἄεσαν.)
